%YAML 1.1
%TAG !u! tag:unity3d.com,2011:
--- !u!1 &6061947716314336466
GameObject:
  m_ObjectHideFlags: 0
  m_CorrespondingSourceObject: {fileID: 0}
  m_PrefabInstance: {fileID: 0}
  m_PrefabAsset: {fileID: 0}
  serializedVersion: 6
  m_Component:
  - component: {fileID: 6065051049383103908}
  - component: {fileID: 6125429280168408128}
  - component: {fileID: 6175374937859738300}
  m_Layer: 23
  m_Name: BackFootstepSource
  m_TagString: Untagged
  m_Icon: {fileID: 0}
  m_NavMeshLayer: 0
  m_StaticEditorFlags: 0
  m_IsActive: 1
--- !u!4 &6065051049383103908
Transform:
  m_ObjectHideFlags: 0
  m_CorrespondingSourceObject: {fileID: 0}
  m_PrefabInstance: {fileID: 0}
  m_PrefabAsset: {fileID: 0}
  m_GameObject: {fileID: 6061947716314336466}
  m_LocalRotation: {x: -0, y: -0, z: -0, w: 1}
  m_LocalPosition: {x: 0, y: 0, z: 0}
  m_LocalScale: {x: 1.0000007, y: 1, z: 1.0000007}
  m_Children: []
  m_Father: {fileID: 6067690934108594702}
  m_RootOrder: 3
  m_LocalEulerAnglesHint: {x: 0, y: 0, z: 0}
--- !u!82 &6125429280168408128
AudioSource:
  m_ObjectHideFlags: 0
  m_CorrespondingSourceObject: {fileID: 0}
  m_PrefabInstance: {fileID: 0}
  m_PrefabAsset: {fileID: 0}
  m_GameObject: {fileID: 6061947716314336466}
  m_Enabled: 1
  serializedVersion: 4
  OutputAudioMixerGroup: {fileID: 3619609221706730050, guid: 0dbd84dd4e981f24d9579d7354e835ee,
    type: 2}
  m_audioClip: {fileID: 0}
  m_PlayOnAwake: 0
  m_Volume: 1
  m_Pitch: 1
  Loop: 0
  Mute: 0
  Spatialize: 1
  SpatializePostEffects: 0
  Priority: 98
  DopplerLevel: 0
  MinDistance: 1
  MaxDistance: 30
  Pan2D: 0
  rolloffMode: 1
  BypassEffects: 0
  BypassListenerEffects: 0
  BypassReverbZones: 0
  rolloffCustomCurve:
    serializedVersion: 2
    m_Curve:
    - serializedVersion: 3
      time: 0
      value: 1
      inSlope: 0
      outSlope: 0
      tangentMode: 0
      weightedMode: 0
      inWeight: 0.33333334
      outWeight: 0.33333334
    - serializedVersion: 3
      time: 1
      value: 0
      inSlope: 0
      outSlope: 0
      tangentMode: 0
      weightedMode: 0
      inWeight: 0.33333334
      outWeight: 0.33333334
    m_PreInfinity: 2
    m_PostInfinity: 2
    m_RotationOrder: 4
  panLevelCustomCurve:
    serializedVersion: 2
    m_Curve:
    - serializedVersion: 3
      time: 0
      value: 1
      inSlope: 0
      outSlope: 0
      tangentMode: 0
      weightedMode: 0
      inWeight: 0.33333334
      outWeight: 0.33333334
    m_PreInfinity: 2
    m_PostInfinity: 2
    m_RotationOrder: 0
  spreadCustomCurve:
    serializedVersion: 2
    m_Curve:
    - serializedVersion: 3
      time: 0
      value: 0
      inSlope: 0
      outSlope: 0
      tangentMode: 0
      weightedMode: 0
      inWeight: 0.33333334
      outWeight: 0.33333334
    m_PreInfinity: 2
    m_PostInfinity: 2
    m_RotationOrder: 0
  reverbZoneMixCustomCurve:
    serializedVersion: 2
    m_Curve:
    - serializedVersion: 3
      time: 0
      value: 1
      inSlope: 0
      outSlope: 0
      tangentMode: 0
      weightedMode: 0
      inWeight: 0.33333334
      outWeight: 0.33333334
    m_PreInfinity: 2
    m_PostInfinity: 2
    m_RotationOrder: 0
--- !u!114 &6175374937859738300
MonoBehaviour:
  m_ObjectHideFlags: 0
  m_CorrespondingSourceObject: {fileID: 0}
  m_PrefabInstance: {fileID: 0}
  m_PrefabAsset: {fileID: 0}
  m_GameObject: {fileID: 6061947716314336466}
  m_Enabled: 1
  m_EditorHideFlags: 0
  m_Script: {fileID: 11500000, guid: 051b4df1f81e5e94c8099b57fe38cc9e, type: 3}
  m_Name: 
  m_EditorClassIdentifier: 
  randomizePitch: 0
  pitchRandomRange: 0.2
  playDelay: 0
  defaultBank:
    name: 
    clips:
    - {fileID: 8300000, guid: a1c6bc98e3ddd4e419080f8197f8e8ad, type: 3}
    - {fileID: 8300000, guid: 8e96a5b3a209a7141a34be5bea6fefad, type: 3}
  overrides: []
  playing: 0
  canPlay: 0
--- !u!1 &6061949084237283280
GameObject:
  m_ObjectHideFlags: 0
  m_CorrespondingSourceObject: {fileID: 0}
  m_PrefabInstance: {fileID: 0}
  m_PrefabAsset: {fileID: 0}
  serializedVersion: 6
  m_Component:
  - component: {fileID: 6064687747267921556}
  - component: {fileID: 6125340382698107062}
  - component: {fileID: 6175485098373995742}
  m_Layer: 23
  m_Name: SpottedSource
  m_TagString: Untagged
  m_Icon: {fileID: 0}
  m_NavMeshLayer: 0
  m_StaticEditorFlags: 0
  m_IsActive: 1
--- !u!4 &6064687747267921556
Transform:
  m_ObjectHideFlags: 0
  m_CorrespondingSourceObject: {fileID: 0}
  m_PrefabInstance: {fileID: 0}
  m_PrefabAsset: {fileID: 0}
  m_GameObject: {fileID: 6061949084237283280}
  m_LocalRotation: {x: -0, y: -0, z: -0, w: 1}
  m_LocalPosition: {x: 0, y: 0, z: 0}
  m_LocalScale: {x: 1.0000007, y: 1, z: 1.0000007}
  m_Children: []
  m_Father: {fileID: 6067690934108594702}
  m_RootOrder: 6
  m_LocalEulerAnglesHint: {x: 0, y: 0, z: 0}
--- !u!82 &6125340382698107062
AudioSource:
  m_ObjectHideFlags: 0
  m_CorrespondingSourceObject: {fileID: 0}
  m_PrefabInstance: {fileID: 0}
  m_PrefabAsset: {fileID: 0}
  m_GameObject: {fileID: 6061949084237283280}
  m_Enabled: 1
  serializedVersion: 4
  OutputAudioMixerGroup: {fileID: 3619609221706730050, guid: 0dbd84dd4e981f24d9579d7354e835ee,
    type: 2}
  m_audioClip: {fileID: 0}
  m_PlayOnAwake: 0
  m_Volume: 1
  m_Pitch: 1
  Loop: 0
  Mute: 0
  Spatialize: 1
  SpatializePostEffects: 0
  Priority: 98
  DopplerLevel: 1
  MinDistance: 4.7
  MaxDistance: 30
  Pan2D: 0
  rolloffMode: 1
  BypassEffects: 0
  BypassListenerEffects: 0
  BypassReverbZones: 0
  rolloffCustomCurve:
    serializedVersion: 2
    m_Curve:
    - serializedVersion: 3
      time: 0
      value: 1
      inSlope: 0
      outSlope: 0
      tangentMode: 0
      weightedMode: 0
      inWeight: 0.33333334
      outWeight: 0.33333334
    - serializedVersion: 3
      time: 1
      value: 0
      inSlope: 0
      outSlope: 0
      tangentMode: 0
      weightedMode: 0
      inWeight: 0.33333334
      outWeight: 0.33333334
    m_PreInfinity: 2
    m_PostInfinity: 2
    m_RotationOrder: 4
  panLevelCustomCurve:
    serializedVersion: 2
    m_Curve:
    - serializedVersion: 3
      time: 0
      value: 1
      inSlope: 0
      outSlope: 0
      tangentMode: 0
      weightedMode: 0
      inWeight: 0.33333334
      outWeight: 0.33333334
    m_PreInfinity: 2
    m_PostInfinity: 2
    m_RotationOrder: 0
  spreadCustomCurve:
    serializedVersion: 2
    m_Curve:
    - serializedVersion: 3
      time: 0
      value: 0
      inSlope: 0
      outSlope: 0
      tangentMode: 0
      weightedMode: 0
      inWeight: 0.33333334
      outWeight: 0.33333334
    m_PreInfinity: 2
    m_PostInfinity: 2
    m_RotationOrder: 0
  reverbZoneMixCustomCurve:
    serializedVersion: 2
    m_Curve:
    - serializedVersion: 3
      time: 0
      value: 1
      inSlope: 0
      outSlope: 0
      tangentMode: 0
      weightedMode: 0
      inWeight: 0.33333334
      outWeight: 0.33333334
    m_PreInfinity: 2
    m_PostInfinity: 2
    m_RotationOrder: 0
--- !u!114 &6175485098373995742
MonoBehaviour:
  m_ObjectHideFlags: 0
  m_CorrespondingSourceObject: {fileID: 0}
  m_PrefabInstance: {fileID: 0}
  m_PrefabAsset: {fileID: 0}
  m_GameObject: {fileID: 6061949084237283280}
  m_Enabled: 1
  m_EditorHideFlags: 0
  m_Script: {fileID: 11500000, guid: 051b4df1f81e5e94c8099b57fe38cc9e, type: 3}
  m_Name: 
  m_EditorClassIdentifier: 
  randomizePitch: 1
  pitchRandomRange: 0.2
  playDelay: 0
  defaultBank:
    name: 
    clips:
    - {fileID: 8300000, guid: 0acb46cb706259d49a22dda831c64b7d, type: 3}
  overrides: []
  playing: 0
  canPlay: 0
--- !u!1 &6061955685438987986
GameObject:
  m_ObjectHideFlags: 0
  m_CorrespondingSourceObject: {fileID: 0}
  m_PrefabInstance: {fileID: 0}
  m_PrefabAsset: {fileID: 0}
  serializedVersion: 6
  m_Component:
  - component: {fileID: 6067628063329209434}
  - component: {fileID: 6125626926066576554}
  - component: {fileID: 6177976968678593184}
  m_Layer: 23
  m_Name: HitSource
  m_TagString: Untagged
  m_Icon: {fileID: 0}
  m_NavMeshLayer: 0
  m_StaticEditorFlags: 0
  m_IsActive: 1
--- !u!4 &6067628063329209434
Transform:
  m_ObjectHideFlags: 0
  m_CorrespondingSourceObject: {fileID: 0}
  m_PrefabInstance: {fileID: 0}
  m_PrefabAsset: {fileID: 0}
  m_GameObject: {fileID: 6061955685438987986}
  m_LocalRotation: {x: 0, y: 0, z: 0, w: 1}
  m_LocalPosition: {x: 0, y: 0, z: 0}
  m_LocalScale: {x: 1, y: 1, z: 1}
  m_Children: []
  m_Father: {fileID: 6067690934108594702}
  m_RootOrder: 2
  m_LocalEulerAnglesHint: {x: 0, y: 0, z: 0}
--- !u!82 &6125626926066576554
AudioSource:
  m_ObjectHideFlags: 0
  m_CorrespondingSourceObject: {fileID: 0}
  m_PrefabInstance: {fileID: 0}
  m_PrefabAsset: {fileID: 0}
  m_GameObject: {fileID: 6061955685438987986}
  m_Enabled: 1
  serializedVersion: 4
  OutputAudioMixerGroup: {fileID: 3619609221706730050, guid: 0dbd84dd4e981f24d9579d7354e835ee,
    type: 2}
  m_audioClip: {fileID: 0}
  m_PlayOnAwake: 0
  m_Volume: 1
  m_Pitch: 1
  Loop: 0
  Mute: 0
  Spatialize: 1
  SpatializePostEffects: 0
  Priority: 98
  DopplerLevel: 1
  MinDistance: 4.7
  MaxDistance: 30
  Pan2D: 0
  rolloffMode: 1
  BypassEffects: 0
  BypassListenerEffects: 0
  BypassReverbZones: 0
  rolloffCustomCurve:
    serializedVersion: 2
    m_Curve:
    - serializedVersion: 3
      time: 0
      value: 1
      inSlope: 0
      outSlope: 0
      tangentMode: 0
      weightedMode: 0
      inWeight: 0.33333334
      outWeight: 0.33333334
    - serializedVersion: 3
      time: 1
      value: 0
      inSlope: 0
      outSlope: 0
      tangentMode: 0
      weightedMode: 0
      inWeight: 0.33333334
      outWeight: 0.33333334
    m_PreInfinity: 2
    m_PostInfinity: 2
    m_RotationOrder: 4
  panLevelCustomCurve:
    serializedVersion: 2
    m_Curve:
    - serializedVersion: 3
      time: 0
      value: 1
      inSlope: 0
      outSlope: 0
      tangentMode: 0
      weightedMode: 0
      inWeight: 0.33333334
      outWeight: 0.33333334
    m_PreInfinity: 2
    m_PostInfinity: 2
    m_RotationOrder: 0
  spreadCustomCurve:
    serializedVersion: 2
    m_Curve:
    - serializedVersion: 3
      time: 0
      value: 0
      inSlope: 0
      outSlope: 0
      tangentMode: 0
      weightedMode: 0
      inWeight: 0.33333334
      outWeight: 0.33333334
    m_PreInfinity: 2
    m_PostInfinity: 2
    m_RotationOrder: 0
  reverbZoneMixCustomCurve:
    serializedVersion: 2
    m_Curve:
    - serializedVersion: 3
      time: 0
      value: 1
      inSlope: 0
      outSlope: 0
      tangentMode: 0
      weightedMode: 0
      inWeight: 0.33333334
      outWeight: 0.33333334
    m_PreInfinity: 2
    m_PostInfinity: 2
    m_RotationOrder: 0
--- !u!114 &6177976968678593184
MonoBehaviour:
  m_ObjectHideFlags: 0
  m_CorrespondingSourceObject: {fileID: 0}
  m_PrefabInstance: {fileID: 0}
  m_PrefabAsset: {fileID: 0}
  m_GameObject: {fileID: 6061955685438987986}
  m_Enabled: 1
  m_EditorHideFlags: 0
  m_Script: {fileID: 11500000, guid: 051b4df1f81e5e94c8099b57fe38cc9e, type: 3}
  m_Name: 
  m_EditorClassIdentifier: 
  randomizePitch: 0
  pitchRandomRange: 0.2
  playDelay: 0
  defaultBank:
    name: 
    clips:
    - {fileID: 8300000, guid: f8652280e64d125488dbfa5d4ac6e164, type: 3}
    - {fileID: 8300000, guid: 73cd88d895c80b14e96e7e65e73dc04b, type: 3}
  overrides: []
  playing: 0
  canPlay: 0
--- !u!1 &6062010425427473298
GameObject:
  m_ObjectHideFlags: 0
  m_CorrespondingSourceObject: {fileID: 0}
  m_PrefabInstance: {fileID: 0}
  m_PrefabAsset: {fileID: 0}
  serializedVersion: 6
  m_Component:
  - component: {fileID: 6067584293139404976}
  - component: {fileID: 6174810861088351884}
  m_Layer: 23
  m_Name: AttackRoot
  m_TagString: Untagged
  m_Icon: {fileID: 0}
  m_NavMeshLayer: 0
  m_StaticEditorFlags: 0
  m_IsActive: 1
--- !u!4 &6067584293139404976
Transform:
  m_ObjectHideFlags: 0
  m_CorrespondingSourceObject: {fileID: 0}
  m_PrefabInstance: {fileID: 0}
  m_PrefabAsset: {fileID: 0}
  m_GameObject: {fileID: 6062010425427473298}
  m_LocalRotation: {x: 0, y: 0, z: 0, w: 1}
  m_LocalPosition: {x: 0, y: 1, z: 0.828}
  m_LocalScale: {x: 1, y: 1, z: 1}
  m_Children: []
  m_Father: {fileID: 6064780591022302324}
  m_RootOrder: 0
  m_LocalEulerAnglesHint: {x: 0, y: 0, z: 0}
--- !u!114 &6174810861088351884
MonoBehaviour:
  m_ObjectHideFlags: 0
  m_CorrespondingSourceObject: {fileID: 0}
  m_PrefabInstance: {fileID: 0}
  m_PrefabAsset: {fileID: 0}
  m_GameObject: {fileID: 6062010425427473298}
  m_Enabled: 1
  m_EditorHideFlags: 0
  m_Script: {fileID: 11500000, guid: fdf93605f2b0c0246bbbf722e6208efb, type: 3}
  m_Name: 
  m_EditorClassIdentifier: 
  hitParticlePrefab: {fileID: 0}
  targetLayers:
    serializedVersion: 2
    m_Bits: 512
  attackPoints:
  - radius: 1
    offset: {x: 0, y: 0, z: 0.79}
    attackRoot: {fileID: 6067584293139404976}
  effects: []
  hitAudio: {fileID: 6177976968678593184}
  attackAudio: {fileID: 6174814495187208480}
--- !u!1 &6062089961342488686
GameObject:
  m_ObjectHideFlags: 0
  m_CorrespondingSourceObject: {fileID: 0}
  m_PrefabInstance: {fileID: 0}
  m_PrefabAsset: {fileID: 0}
  serializedVersion: 6
  m_Component:
  - component: {fileID: 6064701451938524662}
  - component: {fileID: 6125679375256375096}
  - component: {fileID: 6174814495187208480}
  m_Layer: 23
  m_Name: AttackSource
  m_TagString: Untagged
  m_Icon: {fileID: 0}
  m_NavMeshLayer: 0
  m_StaticEditorFlags: 0
  m_IsActive: 1
--- !u!4 &6064701451938524662
Transform:
  m_ObjectHideFlags: 0
  m_CorrespondingSourceObject: {fileID: 0}
  m_PrefabInstance: {fileID: 0}
  m_PrefabAsset: {fileID: 0}
  m_GameObject: {fileID: 6062089961342488686}
  m_LocalRotation: {x: 0, y: 0, z: 0, w: 1}
  m_LocalPosition: {x: 0, y: 0, z: 0}
  m_LocalScale: {x: 1, y: 1, z: 1}
  m_Children: []
  m_Father: {fileID: 6067690934108594702}
  m_RootOrder: 0
  m_LocalEulerAnglesHint: {x: 0, y: 0, z: 0}
--- !u!82 &6125679375256375096
AudioSource:
  m_ObjectHideFlags: 0
  m_CorrespondingSourceObject: {fileID: 0}
  m_PrefabInstance: {fileID: 0}
  m_PrefabAsset: {fileID: 0}
  m_GameObject: {fileID: 6062089961342488686}
  m_Enabled: 1
  serializedVersion: 4
  OutputAudioMixerGroup: {fileID: 3619609221706730050, guid: 0dbd84dd4e981f24d9579d7354e835ee,
    type: 2}
  m_audioClip: {fileID: 0}
  m_PlayOnAwake: 0
  m_Volume: 1
  m_Pitch: 1
  Loop: 0
  Mute: 0
  Spatialize: 1
  SpatializePostEffects: 0
  Priority: 98
  DopplerLevel: 1
  MinDistance: 3.42
  MaxDistance: 30
  Pan2D: 0
  rolloffMode: 1
  BypassEffects: 0
  BypassListenerEffects: 0
  BypassReverbZones: 0
  rolloffCustomCurve:
    serializedVersion: 2
    m_Curve:
    - serializedVersion: 3
      time: 0
      value: 1
      inSlope: 0
      outSlope: 0
      tangentMode: 0
      weightedMode: 0
      inWeight: 0.33333334
      outWeight: 0.33333334
    - serializedVersion: 3
      time: 1
      value: 0
      inSlope: 0
      outSlope: 0
      tangentMode: 0
      weightedMode: 0
      inWeight: 0.33333334
      outWeight: 0.33333334
    m_PreInfinity: 2
    m_PostInfinity: 2
    m_RotationOrder: 4
  panLevelCustomCurve:
    serializedVersion: 2
    m_Curve:
    - serializedVersion: 3
      time: 0
      value: 1
      inSlope: 0
      outSlope: 0
      tangentMode: 0
      weightedMode: 0
      inWeight: 0.33333334
      outWeight: 0.33333334
    m_PreInfinity: 2
    m_PostInfinity: 2
    m_RotationOrder: 0
  spreadCustomCurve:
    serializedVersion: 2
    m_Curve:
    - serializedVersion: 3
      time: 0
      value: 0
      inSlope: 0
      outSlope: 0
      tangentMode: 0
      weightedMode: 0
      inWeight: 0.33333334
      outWeight: 0.33333334
    m_PreInfinity: 2
    m_PostInfinity: 2
    m_RotationOrder: 0
  reverbZoneMixCustomCurve:
    serializedVersion: 2
    m_Curve:
    - serializedVersion: 3
      time: 0
      value: 1
      inSlope: 0
      outSlope: 0
      tangentMode: 0
      weightedMode: 0
      inWeight: 0.33333334
      outWeight: 0.33333334
    m_PreInfinity: 2
    m_PostInfinity: 2
    m_RotationOrder: 0
--- !u!114 &6174814495187208480
MonoBehaviour:
  m_ObjectHideFlags: 0
  m_CorrespondingSourceObject: {fileID: 0}
  m_PrefabInstance: {fileID: 0}
  m_PrefabAsset: {fileID: 0}
  m_GameObject: {fileID: 6062089961342488686}
  m_Enabled: 1
  m_EditorHideFlags: 0
  m_Script: {fileID: 11500000, guid: 051b4df1f81e5e94c8099b57fe38cc9e, type: 3}
  m_Name: 
  m_EditorClassIdentifier: 
  randomizePitch: 1
  pitchRandomRange: 0.5
  playDelay: 0.5
  defaultBank:
    name: 
    clips:
    - {fileID: 8300000, guid: 5554440270451714686921e442227cd3, type: 3}
  overrides: []
  playing: 0
  canPlay: 0
--- !u!1 &6062320087321219504
GameObject:
  m_ObjectHideFlags: 0
  m_CorrespondingSourceObject: {fileID: 0}
  m_PrefabInstance: {fileID: 0}
  m_PrefabAsset: {fileID: 0}
  serializedVersion: 6
  m_Component:
  - component: {fileID: 6067690934108594702}
  m_Layer: 23
  m_Name: AudioSource
  m_TagString: Untagged
  m_Icon: {fileID: 0}
  m_NavMeshLayer: 0
  m_StaticEditorFlags: 0
  m_IsActive: 1
--- !u!4 &6067690934108594702
Transform:
  m_ObjectHideFlags: 0
  m_CorrespondingSourceObject: {fileID: 0}
  m_PrefabInstance: {fileID: 0}
  m_PrefabAsset: {fileID: 0}
  m_GameObject: {fileID: 6062320087321219504}
  m_LocalRotation: {x: 0, y: 0, z: 0, w: 1}
  m_LocalPosition: {x: 0, y: 0, z: 0}
  m_LocalScale: {x: 1, y: 1, z: 1}
  m_Children:
  - {fileID: 6064701451938524662}
  - {fileID: 6067593243043295364}
  - {fileID: 6067628063329209434}
  - {fileID: 6065051049383103908}
  - {fileID: 6065148240568723582}
  - {fileID: 6067858395390749290}
  - {fileID: 6064687747267921556}
  m_Father: {fileID: 6064780591022302324}
  m_RootOrder: 1
  m_LocalEulerAnglesHint: {x: 0, y: 0, z: 0}
--- !u!1 &6062383119728074084
GameObject:
  m_ObjectHideFlags: 0
  m_CorrespondingSourceObject: {fileID: 0}
  m_PrefabInstance: {fileID: 0}
  m_PrefabAsset: {fileID: 0}
  serializedVersion: 6
  m_Component:
  - component: {fileID: 6067816921915494168}
  - component: {fileID: 6174749221381008954}
  - component: {fileID: 6111034683502283920}
  m_Layer: 28
  m_Name: BodyDamager
  m_TagString: Untagged
  m_Icon: {fileID: 0}
  m_NavMeshLayer: 0
  m_StaticEditorFlags: 0
  m_IsActive: 1
--- !u!4 &6067816921915494168
Transform:
  m_ObjectHideFlags: 0
  m_CorrespondingSourceObject: {fileID: 0}
  m_PrefabInstance: {fileID: 0}
  m_PrefabAsset: {fileID: 0}
  m_GameObject: {fileID: 6062383119728074084}
  m_LocalRotation: {x: 0, y: 0, z: 0, w: 1}
  m_LocalPosition: {x: 0, y: 0, z: 0}
  m_LocalScale: {x: 1, y: 1, z: 1}
  m_Children: []
  m_Father: {fileID: 6064780591022302324}
  m_RootOrder: 2
  m_LocalEulerAnglesHint: {x: 0, y: 0, z: 0}
--- !u!114 &6174749221381008954
MonoBehaviour:
  m_ObjectHideFlags: 0
  m_CorrespondingSourceObject: {fileID: 0}
  m_PrefabInstance: {fileID: 0}
  m_PrefabAsset: {fileID: 0}
  m_GameObject: {fileID: 6062383119728074084}
  m_Enabled: 1
  m_EditorHideFlags: 0
  m_Script: {fileID: 11500000, guid: 05cf15f0f3c811d47b802c309648aed4, type: 3}
  m_Name: 
  m_EditorClassIdentifier: 
  helpString: "\r\nRemember to have a collider set to trigger on this object or one
    of its children!\r\nAlso Remember to place that object in a layer that collide
    with what you want to damage \r\n(e.g. the Enemy layer does not collide with the
    Player layer, so add it to a child in a different layer)\r\n"
  amount: 1
  damagedLayers:
    serializedVersion: 2
    m_Bits: 512
--- !u!65 &6111034683502283920
BoxCollider:
  m_ObjectHideFlags: 0
  m_CorrespondingSourceObject: {fileID: 0}
  m_PrefabInstance: {fileID: 0}
  m_PrefabAsset: {fileID: 0}
  m_GameObject: {fileID: 6062383119728074084}
  m_Material: {fileID: 0}
  m_IsTrigger: 0
  m_Enabled: 1
  serializedVersion: 2
  m_Size: {x: 3.179272, y: 2.7128158, z: 1.3214328}
  m_Center: {x: 0.016004443, y: 1.4097888, z: 0.34846866}
--- !u!1 &6062550237778124386
GameObject:
  m_ObjectHideFlags: 0
  m_CorrespondingSourceObject: {fileID: 0}
  m_PrefabInstance: {fileID: 0}
  m_PrefabAsset: {fileID: 0}
  serializedVersion: 6
  m_Component:
  - component: {fileID: 6067858395390749290}
  - component: {fileID: 6124993051971763616}
  - component: {fileID: 6175339786230979260}
  m_Layer: 23
  m_Name: DeathSource
  m_TagString: Untagged
  m_Icon: {fileID: 0}
  m_NavMeshLayer: 0
  m_StaticEditorFlags: 0
  m_IsActive: 1
--- !u!4 &6067858395390749290
Transform:
  m_ObjectHideFlags: 0
  m_CorrespondingSourceObject: {fileID: 0}
  m_PrefabInstance: {fileID: 0}
  m_PrefabAsset: {fileID: 0}
  m_GameObject: {fileID: 6062550237778124386}
  m_LocalRotation: {x: -0, y: -0, z: -0, w: 1}
  m_LocalPosition: {x: 0, y: 0, z: 0}
  m_LocalScale: {x: 1.0000007, y: 1, z: 1.0000007}
  m_Children: []
  m_Father: {fileID: 6067690934108594702}
  m_RootOrder: 5
  m_LocalEulerAnglesHint: {x: 0, y: 0, z: 0}
--- !u!82 &6124993051971763616
AudioSource:
  m_ObjectHideFlags: 0
  m_CorrespondingSourceObject: {fileID: 0}
  m_PrefabInstance: {fileID: 0}
  m_PrefabAsset: {fileID: 0}
  m_GameObject: {fileID: 6062550237778124386}
  m_Enabled: 1
  serializedVersion: 4
  OutputAudioMixerGroup: {fileID: 3619609221706730050, guid: 0dbd84dd4e981f24d9579d7354e835ee,
    type: 2}
  m_audioClip: {fileID: 8300000, guid: 6fc8713ae1465fb4a8a3b4113ccdd924, type: 3}
  m_PlayOnAwake: 0
  m_Volume: 1
  m_Pitch: 1
  Loop: 0
  Mute: 0
  Spatialize: 1
  SpatializePostEffects: 0
  Priority: 98
  DopplerLevel: 1
  MinDistance: 1
  MaxDistance: 30
  Pan2D: 0
  rolloffMode: 2
  BypassEffects: 0
  BypassListenerEffects: 0
  BypassReverbZones: 0
  rolloffCustomCurve:
    serializedVersion: 2
    m_Curve:
    - serializedVersion: 3
      time: 0
      value: 1.0035591
      inSlope: 0
      outSlope: 0
      tangentMode: 0
      weightedMode: 0
      inWeight: 0
      outWeight: 0
    - serializedVersion: 3
      time: 0.9975891
      value: 0.5019531
      inSlope: -1.0714285
      outSlope: -1.0714285
      tangentMode: 0
      weightedMode: 0
      inWeight: 0
      outWeight: 0
    m_PreInfinity: 2
    m_PostInfinity: 2
    m_RotationOrder: 4
  panLevelCustomCurve:
    serializedVersion: 2
    m_Curve:
    - serializedVersion: 3
      time: 0
      value: 1
      inSlope: 0
      outSlope: 0
      tangentMode: 0
      weightedMode: 0
      inWeight: 0.33333334
      outWeight: 0.33333334
    m_PreInfinity: 2
    m_PostInfinity: 2
    m_RotationOrder: 0
  spreadCustomCurve:
    serializedVersion: 2
    m_Curve:
    - serializedVersion: 3
      time: 0
      value: 0
      inSlope: 0
      outSlope: 0
      tangentMode: 0
      weightedMode: 0
      inWeight: 0.33333334
      outWeight: 0.33333334
    m_PreInfinity: 2
    m_PostInfinity: 2
    m_RotationOrder: 0
  reverbZoneMixCustomCurve:
    serializedVersion: 2
    m_Curve:
    - serializedVersion: 3
      time: 0
      value: 1
      inSlope: 0
      outSlope: 0
      tangentMode: 0
      weightedMode: 0
      inWeight: 0.33333334
      outWeight: 0.33333334
    m_PreInfinity: 2
    m_PostInfinity: 2
    m_RotationOrder: 0
--- !u!114 &6175339786230979260
MonoBehaviour:
  m_ObjectHideFlags: 0
  m_CorrespondingSourceObject: {fileID: 0}
  m_PrefabInstance: {fileID: 0}
  m_PrefabAsset: {fileID: 0}
  m_GameObject: {fileID: 6062550237778124386}
  m_Enabled: 1
  m_EditorHideFlags: 0
  m_Script: {fileID: 11500000, guid: 051b4df1f81e5e94c8099b57fe38cc9e, type: 3}
  m_Name: 
  m_EditorClassIdentifier: 
  randomizePitch: 1
  pitchRandomRange: 0.3
  playDelay: 0
  defaultBank:
    name: 
    clips:
    - {fileID: 8300000, guid: 6fc8713ae1465fb4a8a3b4113ccdd924, type: 3}
  overrides: []
  playing: 0
  canPlay: 0
--- !u!1 &6062553097575572400
GameObject:
  m_ObjectHideFlags: 0
  m_CorrespondingSourceObject: {fileID: 0}
  m_PrefabInstance: {fileID: 0}
  m_PrefabAsset: {fileID: 0}
  serializedVersion: 6
  m_Component:
  - component: {fileID: 6065148240568723582}
  - component: {fileID: 6125679812427982470}
  - component: {fileID: 6175393375492780846}
  m_Layer: 23
  m_Name: GruntSource
  m_TagString: Untagged
  m_Icon: {fileID: 0}
  m_NavMeshLayer: 0
  m_StaticEditorFlags: 0
  m_IsActive: 1
--- !u!4 &6065148240568723582
Transform:
  m_ObjectHideFlags: 0
  m_CorrespondingSourceObject: {fileID: 0}
  m_PrefabInstance: {fileID: 0}
  m_PrefabAsset: {fileID: 0}
  m_GameObject: {fileID: 6062553097575572400}
  m_LocalRotation: {x: -0, y: -0, z: -0, w: 1}
  m_LocalPosition: {x: 0, y: 0, z: 0}
  m_LocalScale: {x: 1.0000007, y: 1, z: 1.0000007}
  m_Children: []
  m_Father: {fileID: 6067690934108594702}
  m_RootOrder: 4
  m_LocalEulerAnglesHint: {x: 0, y: 0, z: 0}
--- !u!82 &6125679812427982470
AudioSource:
  m_ObjectHideFlags: 0
  m_CorrespondingSourceObject: {fileID: 0}
  m_PrefabInstance: {fileID: 0}
  m_PrefabAsset: {fileID: 0}
  m_GameObject: {fileID: 6062553097575572400}
  m_Enabled: 1
  serializedVersion: 4
  OutputAudioMixerGroup: {fileID: 3619609221706730050, guid: 0dbd84dd4e981f24d9579d7354e835ee,
    type: 2}
  m_audioClip: {fileID: 0}
  m_PlayOnAwake: 0
  m_Volume: 1
  m_Pitch: 1
  Loop: 0
  Mute: 0
  Spatialize: 1
  SpatializePostEffects: 0
  Priority: 98
  DopplerLevel: 1
  MinDistance: 4.7
  MaxDistance: 30
  Pan2D: 0
  rolloffMode: 1
  BypassEffects: 0
  BypassListenerEffects: 0
  BypassReverbZones: 0
  rolloffCustomCurve:
    serializedVersion: 2
    m_Curve:
    - serializedVersion: 3
      time: 0
      value: 1
      inSlope: 0
      outSlope: 0
      tangentMode: 0
      weightedMode: 0
      inWeight: 0.33333334
      outWeight: 0.33333334
    - serializedVersion: 3
      time: 1
      value: 0
      inSlope: 0
      outSlope: 0
      tangentMode: 0
      weightedMode: 0
      inWeight: 0.33333334
      outWeight: 0.33333334
    m_PreInfinity: 2
    m_PostInfinity: 2
    m_RotationOrder: 4
  panLevelCustomCurve:
    serializedVersion: 2
    m_Curve:
    - serializedVersion: 3
      time: 0
      value: 1
      inSlope: 0
      outSlope: 0
      tangentMode: 0
      weightedMode: 0
      inWeight: 0.33333334
      outWeight: 0.33333334
    m_PreInfinity: 2
    m_PostInfinity: 2
    m_RotationOrder: 0
  spreadCustomCurve:
    serializedVersion: 2
    m_Curve:
    - serializedVersion: 3
      time: 0
      value: 0
      inSlope: 0
      outSlope: 0
      tangentMode: 0
      weightedMode: 0
      inWeight: 0.33333334
      outWeight: 0.33333334
    m_PreInfinity: 2
    m_PostInfinity: 2
    m_RotationOrder: 0
  reverbZoneMixCustomCurve:
    serializedVersion: 2
    m_Curve:
    - serializedVersion: 3
      time: 0
      value: 1
      inSlope: 0
      outSlope: 0
      tangentMode: 0
      weightedMode: 0
      inWeight: 0.33333334
      outWeight: 0.33333334
    m_PreInfinity: 2
    m_PostInfinity: 2
    m_RotationOrder: 0
--- !u!114 &6175393375492780846
MonoBehaviour:
  m_ObjectHideFlags: 0
  m_CorrespondingSourceObject: {fileID: 0}
  m_PrefabInstance: {fileID: 0}
  m_PrefabAsset: {fileID: 0}
  m_GameObject: {fileID: 6062553097575572400}
  m_Enabled: 1
  m_EditorHideFlags: 0
  m_Script: {fileID: 11500000, guid: 051b4df1f81e5e94c8099b57fe38cc9e, type: 3}
  m_Name: 
  m_EditorClassIdentifier: 
  randomizePitch: 1
  pitchRandomRange: 0.2
  playDelay: 0
  defaultBank:
    name: 
    clips: []
  overrides: []
  playing: 0
  canPlay: 0
--- !u!1 &6062664039121235374
GameObject:
  m_ObjectHideFlags: 0
  m_CorrespondingSourceObject: {fileID: 0}
  m_PrefabInstance: {fileID: 0}
  m_PrefabAsset: {fileID: 0}
  serializedVersion: 6
  m_Component:
  - component: {fileID: 6064780591022302324}
  - component: {fileID: 6158650931096907448}
  - component: {fileID: 6175275514009088174}
  - component: {fileID: 6175430328552900824}
  - component: {fileID: 6175453944007099190}
  - component: {fileID: 6110642033021755298}
  - component: {fileID: 6175488123226466896}
  - component: {fileID: 6238494713240065006}
  - component: {fileID: 2738602534383227221}
  - component: {fileID: 6562638735057386622}
  m_Layer: 23
  m_Name: Golem_variant_03_Spawn
  m_TagString: Golem
  m_Icon: {fileID: 0}
  m_NavMeshLayer: 0
  m_StaticEditorFlags: 0
  m_IsActive: 1
--- !u!4 &6064780591022302324
Transform:
  m_ObjectHideFlags: 0
  m_CorrespondingSourceObject: {fileID: 0}
  m_PrefabInstance: {fileID: 0}
  m_PrefabAsset: {fileID: 0}
  m_GameObject: {fileID: 6062664039121235374}
  m_LocalRotation: {x: 0, y: 0, z: 0, w: 1}
  m_LocalPosition: {x: 3.3862329, y: -0.75488794, z: -2.71311}
  m_LocalScale: {x: 1, y: 1, z: 1}
  m_Children:
  - {fileID: 6067584293139404976}
  - {fileID: 6067690934108594702}
  - {fileID: 6067816921915494168}
  - {fileID: 945635468539358213}
  - {fileID: 7750322635820136487}
  - {fileID: 4334692082693185080}
  - {fileID: 4970055993398783500}
  m_Father: {fileID: 0}
  m_RootOrder: 0
  m_LocalEulerAnglesHint: {x: 0, y: 0, z: 0}
--- !u!95 &6158650931096907448
Animator:
  serializedVersion: 3
  m_ObjectHideFlags: 0
  m_CorrespondingSourceObject: {fileID: 0}
  m_PrefabInstance: {fileID: 0}
  m_PrefabAsset: {fileID: 0}
  m_GameObject: {fileID: 6062664039121235374}
  m_Enabled: 1
  m_Avatar: {fileID: 9000000, guid: 4efda092bad185844acc490a9fb68588, type: 3}
  m_Controller: {fileID: 22100000, guid: f7c3aa7087a4278429a5d96472eb1773, type: 2}
  m_CullingMode: 1
  m_UpdateMode: 1
  m_ApplyRootMotion: 1
  m_LinearVelocityBlending: 0
  m_WarningMessage: 
  m_HasTransformHierarchy: 1
  m_AllowConstantClipSamplingOptimization: 1
  m_KeepAnimatorControllerStateOnDisable: 0
--- !u!114 &6175275514009088174
MonoBehaviour:
  m_ObjectHideFlags: 0
  m_CorrespondingSourceObject: {fileID: 0}
  m_PrefabInstance: {fileID: 0}
  m_PrefabAsset: {fileID: 0}
  m_GameObject: {fileID: 6062664039121235374}
  m_Enabled: 1
  m_EditorHideFlags: 0
  m_Script: {fileID: 11500000, guid: 93e09843a5c1c344f9a06661baac93cb, type: 3}
  m_Name: 
  m_EditorClassIdentifier: 
  attackDistance: 3
  meleeWeapon: {fileID: 6174810861088351884}
  playerScanner:
    heightOffset: 1
    detectionRadius: 15
    detectionAngle: 360
    maxHeightDifference: 10
    viewBlockerLayerMask:
      serializedVersion: 2
      m_Bits: 2147483648
  timeToStopPursuit: 3
  attackAudio: {fileID: 6174814495187208480}
  frontStepAudio: {fileID: 6178086177244407548}
  backStepAudio: {fileID: 6175374937859738300}
  hitAudio: {fileID: 6177976968678593184}
  gruntAudio: {fileID: 6175393375492780846}
  deathAudio: {fileID: 6175339786230979260}
  spottedAudio: {fileID: 6175485098373995742}
--- !u!114 &6175430328552900824
MonoBehaviour:
  m_ObjectHideFlags: 0
  m_CorrespondingSourceObject: {fileID: 0}
  m_PrefabInstance: {fileID: 0}
  m_PrefabAsset: {fileID: 0}
  m_GameObject: {fileID: 6062664039121235374}
  m_Enabled: 1
  m_EditorHideFlags: 0
  m_Script: {fileID: 11500000, guid: 0149b5ab8f608c943b260125ac76d875, type: 3}
  m_Name: 
  m_EditorClassIdentifier: 
  maxHitPoints: 5
  invulnerabiltyTime: 0
  hitAngle: 360
  hitForwardRotation: 360
  OnDeath:
    m_PersistentCalls:
      m_Calls:
      - m_Target: {fileID: 6175453944007099190}
        m_MethodName: Replace
        m_Mode: 1
        m_Arguments:
          m_ObjectArgument: {fileID: 0}
          m_ObjectArgumentAssemblyTypeName: UnityEngine.Object, UnityEngine
          m_IntArgument: 0
          m_FloatArgument: 0
          m_StringArgument: 
          m_BoolArgument: 0
        m_CallState: 2
    m_TypeName: UnityEngine.Events.UnityEvent, UnityEngine.CoreModule, Version=0.0.0.0,
      Culture=neutral, PublicKeyToken=null
  OnReceiveDamage:
    m_PersistentCalls:
      m_Calls: []
    m_TypeName: UnityEngine.Events.UnityEvent, UnityEngine.CoreModule, Version=0.0.0.0,
      Culture=neutral, PublicKeyToken=null
  OnHitWhileInvulnerable:
    m_PersistentCalls:
      m_Calls: []
    m_TypeName: UnityEngine.Events.UnityEvent, UnityEngine.CoreModule, Version=0.0.0.0,
      Culture=neutral, PublicKeyToken=null
  OnBecomeVulnerable:
    m_PersistentCalls:
      m_Calls: []
    m_TypeName: UnityEngine.Events.UnityEvent, UnityEngine.CoreModule, Version=0.0.0.0,
      Culture=neutral, PublicKeyToken=null
  OnResetDamage:
    m_PersistentCalls:
      m_Calls: []
    m_TypeName: UnityEngine.Events.UnityEvent, UnityEngine.CoreModule, Version=0.0.0.0,
      Culture=neutral, PublicKeyToken=null
  onDamageMessageReceivers:
  - {fileID: 6175275514009088174}
--- !u!114 &6175453944007099190
MonoBehaviour:
  m_ObjectHideFlags: 0
  m_CorrespondingSourceObject: {fileID: 0}
  m_PrefabInstance: {fileID: 0}
  m_PrefabAsset: {fileID: 0}
  m_GameObject: {fileID: 6062664039121235374}
  m_Enabled: 1
  m_EditorHideFlags: 0
  m_Script: {fileID: 11500000, guid: d32f0c6aab55ea44db2c54319aefe5d5, type: 3}
  m_Name: 
  m_EditorClassIdentifier: 
  ragdollPrefab: {fileID: 5482362502937947578, guid: e3315e3a7eb67954dadccaea363d3461,
    type: 3}
--- !u!65 &6110642033021755298
BoxCollider:
  m_ObjectHideFlags: 0
  m_CorrespondingSourceObject: {fileID: 0}
  m_PrefabInstance: {fileID: 0}
  m_PrefabAsset: {fileID: 0}
  m_GameObject: {fileID: 6062664039121235374}
  m_Material: {fileID: 0}
  m_IsTrigger: 0
  m_Enabled: 1
  serializedVersion: 2
  m_Size: {x: 0.63598824, y: 1.1292851, z: 0.84204507}
  m_Center: {x: 0.010750532, y: 0.60911524, z: 0.018225312}
--- !u!114 &6175488123226466896
MonoBehaviour:
  m_ObjectHideFlags: 0
  m_CorrespondingSourceObject: {fileID: 0}
  m_PrefabInstance: {fileID: 0}
  m_PrefabAsset: {fileID: 0}
  m_GameObject: {fileID: 6062664039121235374}
  m_Enabled: 1
  m_EditorHideFlags: 0
  m_Script: {fileID: 11500000, guid: 25877601b9081164b9b64ec159b9a452, type: 3}
  m_Name: 
  m_EditorClassIdentifier: 
  interpolateTurning: 0
  applyAnimationRotation: 0
--- !u!195 &6238494713240065006
NavMeshAgent:
  m_ObjectHideFlags: 0
  m_CorrespondingSourceObject: {fileID: 0}
  m_PrefabInstance: {fileID: 0}
  m_PrefabAsset: {fileID: 0}
  m_GameObject: {fileID: 6062664039121235374}
  m_Enabled: 1
  m_AgentTypeID: -1372625422
  m_Radius: 0.6
  m_Speed: 5
  m_Acceleration: 999
  avoidancePriority: 50
  m_AngularSpeed: 999
  m_StoppingDistance: 0
  m_AutoTraverseOffMeshLink: 1
  m_AutoBraking: 1
  m_AutoRepath: 1
  m_Height: 1
  m_BaseOffset: 0
  m_WalkableMask: 4294967295
  m_ObstacleAvoidanceType: 4
--- !u!114 &2738602534383227221
MonoBehaviour:
  m_ObjectHideFlags: 0
  m_CorrespondingSourceObject: {fileID: 0}
  m_PrefabInstance: {fileID: 0}
  m_PrefabAsset: {fileID: 0}
  m_GameObject: {fileID: 6062664039121235374}
  m_Enabled: 1
  m_EditorHideFlags: 0
  m_Script: {fileID: 11500000, guid: d3209e6e8e30491479e8c0966d0a3b01, type: 3}
  m_Name: 
  m_EditorClassIdentifier: 
--- !u!114 &6562638735057386622
MonoBehaviour:
  m_ObjectHideFlags: 0
  m_CorrespondingSourceObject: {fileID: 0}
  m_PrefabInstance: {fileID: 0}
  m_PrefabAsset: {fileID: 0}
  m_GameObject: {fileID: 6062664039121235374}
  m_Enabled: 1
  m_EditorHideFlags: 0
  m_Script: {fileID: 11500000, guid: 9255cd2bec61c3748826ee001f6857c3, type: 3}
  m_Name: 
  m_EditorClassIdentifier: 
  HealthBar: {fileID: 5277977957807597420}
  DamageNumbers: {fileID: 4228585793643360612}
  Health:
    BaseValue: 75
    OnAddedMod:
      m_PersistentCalls:
        m_Calls: []
      m_TypeName: UnityEngine.Events.UnityEvent, UnityEngine.CoreModule, Version=0.0.0.0,
        Culture=neutral, PublicKeyToken=null
    OnRemovedMod:
      m_PersistentCalls:
        m_Calls: []
      m_TypeName: UnityEngine.Events.UnityEvent, UnityEngine.CoreModule, Version=0.0.0.0,
        Culture=neutral, PublicKeyToken=null
  Damage:
    BaseValue: 5
    OnAddedMod:
      m_PersistentCalls:
        m_Calls: []
      m_TypeName: UnityEngine.Events.UnityEvent, UnityEngine.CoreModule, Version=0.0.0.0,
        Culture=neutral, PublicKeyToken=null
    OnRemovedMod:
      m_PersistentCalls:
        m_Calls: []
      m_TypeName: UnityEngine.Events.UnityEvent, UnityEngine.CoreModule, Version=0.0.0.0,
        Culture=neutral, PublicKeyToken=null
  ExpWorth:
    BaseValue: 30
    OnAddedMod:
      m_PersistentCalls:
        m_Calls: []
      m_TypeName: UnityEngine.Events.UnityEvent, UnityEngine.CoreModule, Version=0.0.0.0,
        Culture=neutral, PublicKeyToken=null
    OnRemovedMod:
      m_PersistentCalls:
        m_Calls: []
      m_TypeName: UnityEngine.Events.UnityEvent, UnityEngine.CoreModule, Version=0.0.0.0,
        Culture=neutral, PublicKeyToken=null
--- !u!1 &6063936635788630252
GameObject:
  m_ObjectHideFlags: 0
  m_CorrespondingSourceObject: {fileID: 0}
  m_PrefabInstance: {fileID: 0}
  m_PrefabAsset: {fileID: 0}
  serializedVersion: 6
  m_Component:
  - component: {fileID: 6067593243043295364}
  - component: {fileID: 6125392283955468996}
  - component: {fileID: 6178086177244407548}
  m_Layer: 23
  m_Name: FrontFootstepSource
  m_TagString: Untagged
  m_Icon: {fileID: 0}
  m_NavMeshLayer: 0
  m_StaticEditorFlags: 0
  m_IsActive: 1
--- !u!4 &6067593243043295364
Transform:
  m_ObjectHideFlags: 0
  m_CorrespondingSourceObject: {fileID: 0}
  m_PrefabInstance: {fileID: 0}
  m_PrefabAsset: {fileID: 0}
  m_GameObject: {fileID: 6063936635788630252}
  m_LocalRotation: {x: 0, y: 0, z: 0, w: 1}
  m_LocalPosition: {x: 0, y: 0, z: 0}
  m_LocalScale: {x: 1, y: 1, z: 1}
  m_Children: []
  m_Father: {fileID: 6067690934108594702}
  m_RootOrder: 1
  m_LocalEulerAnglesHint: {x: 0, y: 0, z: 0}
--- !u!82 &6125392283955468996
AudioSource:
  m_ObjectHideFlags: 0
  m_CorrespondingSourceObject: {fileID: 0}
  m_PrefabInstance: {fileID: 0}
  m_PrefabAsset: {fileID: 0}
  m_GameObject: {fileID: 6063936635788630252}
  m_Enabled: 1
  serializedVersion: 4
  OutputAudioMixerGroup: {fileID: 3619609221706730050, guid: 0dbd84dd4e981f24d9579d7354e835ee,
    type: 2}
  m_audioClip: {fileID: 0}
  m_PlayOnAwake: 0
  m_Volume: 0.8
  m_Pitch: 1
  Loop: 0
  Mute: 0
  Spatialize: 1
  SpatializePostEffects: 0
  Priority: 98
  DopplerLevel: 0
  MinDistance: 1
  MaxDistance: 30
  Pan2D: 0
  rolloffMode: 1
  BypassEffects: 0
  BypassListenerEffects: 0
  BypassReverbZones: 0
  rolloffCustomCurve:
    serializedVersion: 2
    m_Curve:
    - serializedVersion: 3
      time: 0
      value: 1
      inSlope: 0
      outSlope: 0
      tangentMode: 0
      weightedMode: 0
      inWeight: 0.33333334
      outWeight: 0.33333334
    - serializedVersion: 3
      time: 1
      value: 0
      inSlope: 0
      outSlope: 0
      tangentMode: 0
      weightedMode: 0
      inWeight: 0.33333334
      outWeight: 0.33333334
    m_PreInfinity: 2
    m_PostInfinity: 2
    m_RotationOrder: 4
  panLevelCustomCurve:
    serializedVersion: 2
    m_Curve:
    - serializedVersion: 3
      time: 0
      value: 1
      inSlope: 0
      outSlope: 0
      tangentMode: 0
      weightedMode: 0
      inWeight: 0.33333334
      outWeight: 0.33333334
    m_PreInfinity: 2
    m_PostInfinity: 2
    m_RotationOrder: 0
  spreadCustomCurve:
    serializedVersion: 2
    m_Curve:
    - serializedVersion: 3
      time: 0
      value: 0
      inSlope: 0
      outSlope: 0
      tangentMode: 0
      weightedMode: 0
      inWeight: 0.33333334
      outWeight: 0.33333334
    m_PreInfinity: 2
    m_PostInfinity: 2
    m_RotationOrder: 0
  reverbZoneMixCustomCurve:
    serializedVersion: 2
    m_Curve:
    - serializedVersion: 3
      time: 0
      value: 1
      inSlope: 0
      outSlope: 0
      tangentMode: 0
      weightedMode: 0
      inWeight: 0.33333334
      outWeight: 0.33333334
    m_PreInfinity: 2
    m_PostInfinity: 2
    m_RotationOrder: 0
--- !u!114 &6178086177244407548
MonoBehaviour:
  m_ObjectHideFlags: 0
  m_CorrespondingSourceObject: {fileID: 0}
  m_PrefabInstance: {fileID: 0}
  m_PrefabAsset: {fileID: 0}
  m_GameObject: {fileID: 6063936635788630252}
  m_Enabled: 1
  m_EditorHideFlags: 0
  m_Script: {fileID: 11500000, guid: 051b4df1f81e5e94c8099b57fe38cc9e, type: 3}
  m_Name: 
  m_EditorClassIdentifier: 
  randomizePitch: 1
  pitchRandomRange: 0.1
  playDelay: 0
  defaultBank:
    name: 
    clips:
    - {fileID: 8300000, guid: 8e96a5b3a209a7141a34be5bea6fefad, type: 3}
    - {fileID: 8300000, guid: a1c6bc98e3ddd4e419080f8197f8e8ad, type: 3}
  overrides: []
  playing: 0
  canPlay: 0
--- !u!1001 &1774076869
PrefabInstance:
  m_ObjectHideFlags: 0
  serializedVersion: 2
  m_Modification:
    m_TransformParent: {fileID: 6064780591022302324}
    m_Modifications:
    - target: {fileID: 4228585795413242529, guid: 2aeb3084eff409541b9be2e8e921b1fa,
        type: 3}
      propertyPath: m_Name
      value: EnemyDamagePopup
      objectReference: {fileID: 0}
    - target: {fileID: 4228585795413242529, guid: 2aeb3084eff409541b9be2e8e921b1fa,
        type: 3}
      propertyPath: m_IsActive
      value: 0
      objectReference: {fileID: 0}
    - target: {fileID: 4334692083338993149, guid: 2aeb3084eff409541b9be2e8e921b1fa,
        type: 3}
      propertyPath: m_LocalPosition.x
      value: 0
      objectReference: {fileID: 0}
    - target: {fileID: 4334692083338993149, guid: 2aeb3084eff409541b9be2e8e921b1fa,
        type: 3}
      propertyPath: m_LocalPosition.y
      value: 0
      objectReference: {fileID: 0}
    - target: {fileID: 4334692083338993149, guid: 2aeb3084eff409541b9be2e8e921b1fa,
        type: 3}
      propertyPath: m_LocalPosition.z
      value: 0
      objectReference: {fileID: 0}
    - target: {fileID: 4334692083338993149, guid: 2aeb3084eff409541b9be2e8e921b1fa,
        type: 3}
      propertyPath: m_LocalRotation.x
      value: -0
      objectReference: {fileID: 0}
    - target: {fileID: 4334692083338993149, guid: 2aeb3084eff409541b9be2e8e921b1fa,
        type: 3}
      propertyPath: m_LocalRotation.y
      value: -0
      objectReference: {fileID: 0}
    - target: {fileID: 4334692083338993149, guid: 2aeb3084eff409541b9be2e8e921b1fa,
        type: 3}
      propertyPath: m_LocalRotation.z
      value: -0
      objectReference: {fileID: 0}
    - target: {fileID: 4334692083338993149, guid: 2aeb3084eff409541b9be2e8e921b1fa,
        type: 3}
      propertyPath: m_LocalRotation.w
      value: 1
      objectReference: {fileID: 0}
    - target: {fileID: 4334692083338993149, guid: 2aeb3084eff409541b9be2e8e921b1fa,
        type: 3}
      propertyPath: m_RootOrder
      value: 5
      objectReference: {fileID: 0}
    - target: {fileID: 4334692083338993149, guid: 2aeb3084eff409541b9be2e8e921b1fa,
        type: 3}
      propertyPath: m_LocalEulerAnglesHint.x
      value: 0
      objectReference: {fileID: 0}
    - target: {fileID: 4334692083338993149, guid: 2aeb3084eff409541b9be2e8e921b1fa,
        type: 3}
      propertyPath: m_LocalEulerAnglesHint.y
      value: 0
      objectReference: {fileID: 0}
    - target: {fileID: 4334692083338993149, guid: 2aeb3084eff409541b9be2e8e921b1fa,
        type: 3}
      propertyPath: m_LocalEulerAnglesHint.z
      value: 0
      objectReference: {fileID: 0}
    - target: {fileID: 4334692083338993149, guid: 2aeb3084eff409541b9be2e8e921b1fa,
        type: 3}
      propertyPath: m_AnchoredPosition.x
      value: 0
      objectReference: {fileID: 0}
    - target: {fileID: 4334692083338993149, guid: 2aeb3084eff409541b9be2e8e921b1fa,
        type: 3}
      propertyPath: m_AnchoredPosition.y
      value: 3.51
      objectReference: {fileID: 0}
    - target: {fileID: 4334692083338993149, guid: 2aeb3084eff409541b9be2e8e921b1fa,
        type: 3}
      propertyPath: m_SizeDelta.x
      value: 100
      objectReference: {fileID: 0}
    - target: {fileID: 4334692083338993149, guid: 2aeb3084eff409541b9be2e8e921b1fa,
        type: 3}
      propertyPath: m_SizeDelta.y
      value: 100
      objectReference: {fileID: 0}
    - target: {fileID: 4334692083338993149, guid: 2aeb3084eff409541b9be2e8e921b1fa,
        type: 3}
      propertyPath: m_AnchorMin.x
      value: 0
      objectReference: {fileID: 0}
    - target: {fileID: 4334692083338993149, guid: 2aeb3084eff409541b9be2e8e921b1fa,
        type: 3}
      propertyPath: m_AnchorMin.y
      value: 0
      objectReference: {fileID: 0}
    - target: {fileID: 4334692083338993149, guid: 2aeb3084eff409541b9be2e8e921b1fa,
        type: 3}
      propertyPath: m_AnchorMax.x
      value: 0
      objectReference: {fileID: 0}
    - target: {fileID: 4334692083338993149, guid: 2aeb3084eff409541b9be2e8e921b1fa,
        type: 3}
      propertyPath: m_AnchorMax.y
      value: 0
      objectReference: {fileID: 0}
    - target: {fileID: 4334692083338993149, guid: 2aeb3084eff409541b9be2e8e921b1fa,
        type: 3}
      propertyPath: m_Pivot.x
      value: 0.5
      objectReference: {fileID: 0}
    - target: {fileID: 4334692083338993149, guid: 2aeb3084eff409541b9be2e8e921b1fa,
        type: 3}
      propertyPath: m_Pivot.y
      value: 0.5
      objectReference: {fileID: 0}
    m_RemovedComponents: []
  m_SourcePrefab: {fileID: 100100000, guid: 2aeb3084eff409541b9be2e8e921b1fa, type: 3}
--- !u!1 &4228585793643360612 stripped
GameObject:
  m_CorrespondingSourceObject: {fileID: 4228585795413242529, guid: 2aeb3084eff409541b9be2e8e921b1fa,
    type: 3}
  m_PrefabInstance: {fileID: 1774076869}
  m_PrefabAsset: {fileID: 0}
--- !u!224 &4334692082693185080 stripped
RectTransform:
  m_CorrespondingSourceObject: {fileID: 4334692083338993149, guid: 2aeb3084eff409541b9be2e8e921b1fa,
    type: 3}
  m_PrefabInstance: {fileID: 1774076869}
  m_PrefabAsset: {fileID: 0}
--- !u!1001 &143793765732126288
PrefabInstance:
  m_ObjectHideFlags: 0
  serializedVersion: 2
  m_Modification:
    m_TransformParent: {fileID: 6905284392153707704}
    m_Modifications:
    - target: {fileID: -927199367670048503, guid: cc6c6ad6ac73044499da03fc773f656f,
        type: 3}
      propertyPath: m_Name
      value: Flower_02
      objectReference: {fileID: 0}
    - target: {fileID: -4216859302048453862, guid: cc6c6ad6ac73044499da03fc773f656f,
        type: 3}
      propertyPath: m_LocalPosition.x
      value: -0.0054
      objectReference: {fileID: 0}
    - target: {fileID: -4216859302048453862, guid: cc6c6ad6ac73044499da03fc773f656f,
        type: 3}
      propertyPath: m_LocalPosition.y
      value: 0.0676
      objectReference: {fileID: 0}
    - target: {fileID: -4216859302048453862, guid: cc6c6ad6ac73044499da03fc773f656f,
        type: 3}
      propertyPath: m_LocalPosition.z
      value: 0.0052
      objectReference: {fileID: 0}
    - target: {fileID: -4216859302048453862, guid: cc6c6ad6ac73044499da03fc773f656f,
        type: 3}
      propertyPath: m_LocalRotation.x
      value: 0.18454395
      objectReference: {fileID: 0}
    - target: {fileID: -4216859302048453862, guid: cc6c6ad6ac73044499da03fc773f656f,
        type: 3}
      propertyPath: m_LocalRotation.y
      value: 0.000000834465
      objectReference: {fileID: 0}
    - target: {fileID: -4216859302048453862, guid: cc6c6ad6ac73044499da03fc773f656f,
        type: 3}
      propertyPath: m_LocalRotation.z
      value: 0.00000008940697
      objectReference: {fileID: 0}
    - target: {fileID: -4216859302048453862, guid: cc6c6ad6ac73044499da03fc773f656f,
        type: 3}
      propertyPath: m_LocalRotation.w
      value: 0.98282427
      objectReference: {fileID: 0}
    - target: {fileID: -4216859302048453862, guid: cc6c6ad6ac73044499da03fc773f656f,
        type: 3}
      propertyPath: m_RootOrder
      value: 1
      objectReference: {fileID: 0}
    - target: {fileID: -4216859302048453862, guid: cc6c6ad6ac73044499da03fc773f656f,
        type: 3}
      propertyPath: m_LocalEulerAnglesHint.x
      value: 21.211
      objectReference: {fileID: 0}
    - target: {fileID: -4216859302048453862, guid: cc6c6ad6ac73044499da03fc773f656f,
        type: 3}
      propertyPath: m_LocalEulerAnglesHint.y
      value: 0
      objectReference: {fileID: 0}
    - target: {fileID: -4216859302048453862, guid: cc6c6ad6ac73044499da03fc773f656f,
        type: 3}
      propertyPath: m_LocalEulerAnglesHint.z
      value: 0
      objectReference: {fileID: 0}
    - target: {fileID: -4216859302048453862, guid: cc6c6ad6ac73044499da03fc773f656f,
        type: 3}
      propertyPath: m_LocalScale.x
      value: 0.013957412
      objectReference: {fileID: 0}
    - target: {fileID: -4216859302048453862, guid: cc6c6ad6ac73044499da03fc773f656f,
        type: 3}
      propertyPath: m_LocalScale.y
      value: 0.013957594
      objectReference: {fileID: 0}
    - target: {fileID: -4216859302048453862, guid: cc6c6ad6ac73044499da03fc773f656f,
        type: 3}
      propertyPath: m_LocalScale.z
      value: 0.013957437
      objectReference: {fileID: 0}
    m_RemovedComponents: []
  m_SourcePrefab: {fileID: 100100000, guid: cc6c6ad6ac73044499da03fc773f656f, type: 3}
--- !u!1001 &4069119691675240685
PrefabInstance:
  m_ObjectHideFlags: 0
  serializedVersion: 2
  m_Modification:
    m_TransformParent: {fileID: 93910595447463550}
    m_Modifications:
    - target: {fileID: -927199367670048503, guid: d2f189209f4f63041aa334f067943a96,
        type: 3}
      propertyPath: m_Name
      value: Flower_05
      objectReference: {fileID: 0}
    - target: {fileID: -4216859302048453862, guid: d2f189209f4f63041aa334f067943a96,
        type: 3}
      propertyPath: m_LocalPosition.x
      value: -0.058126286
      objectReference: {fileID: 0}
    - target: {fileID: -4216859302048453862, guid: d2f189209f4f63041aa334f067943a96,
        type: 3}
      propertyPath: m_LocalPosition.y
      value: 0.10134841
      objectReference: {fileID: 0}
    - target: {fileID: -4216859302048453862, guid: d2f189209f4f63041aa334f067943a96,
        type: 3}
      propertyPath: m_LocalPosition.z
      value: -0.062020056
      objectReference: {fileID: 0}
    - target: {fileID: -4216859302048453862, guid: d2f189209f4f63041aa334f067943a96,
        type: 3}
      propertyPath: m_LocalRotation.x
      value: 0.4702481
      objectReference: {fileID: 0}
    - target: {fileID: -4216859302048453862, guid: d2f189209f4f63041aa334f067943a96,
        type: 3}
      propertyPath: m_LocalRotation.y
      value: -0.6693519
      objectReference: {fileID: 0}
    - target: {fileID: -4216859302048453862, guid: d2f189209f4f63041aa334f067943a96,
        type: 3}
      propertyPath: m_LocalRotation.z
      value: 0.20360452
      objectReference: {fileID: 0}
    - target: {fileID: -4216859302048453862, guid: d2f189209f4f63041aa334f067943a96,
        type: 3}
      propertyPath: m_LocalRotation.w
      value: 0.5379406
      objectReference: {fileID: 0}
    - target: {fileID: -4216859302048453862, guid: d2f189209f4f63041aa334f067943a96,
        type: 3}
      propertyPath: m_RootOrder
      value: 3
      objectReference: {fileID: 0}
    - target: {fileID: -4216859302048453862, guid: d2f189209f4f63041aa334f067943a96,
        type: 3}
      propertyPath: m_LocalEulerAnglesHint.x
      value: 51.123
      objectReference: {fileID: 0}
    - target: {fileID: -4216859302048453862, guid: d2f189209f4f63041aa334f067943a96,
        type: 3}
      propertyPath: m_LocalEulerAnglesHint.y
      value: -32.619003
      objectReference: {fileID: 0}
    - target: {fileID: -4216859302048453862, guid: d2f189209f4f63041aa334f067943a96,
        type: 3}
      propertyPath: m_LocalEulerAnglesHint.z
      value: -40.842003
      objectReference: {fileID: 0}
    - target: {fileID: -4216859302048453862, guid: d2f189209f4f63041aa334f067943a96,
        type: 3}
      propertyPath: m_LocalScale.x
      value: 0.014102922
      objectReference: {fileID: 0}
    - target: {fileID: -4216859302048453862, guid: d2f189209f4f63041aa334f067943a96,
        type: 3}
      propertyPath: m_LocalScale.y
      value: 0.0141029395
      objectReference: {fileID: 0}
    - target: {fileID: -4216859302048453862, guid: d2f189209f4f63041aa334f067943a96,
        type: 3}
      propertyPath: m_LocalScale.z
      value: 0.014103003
      objectReference: {fileID: 0}
    m_RemovedComponents: []
  m_SourcePrefab: {fileID: 100100000, guid: d2f189209f4f63041aa334f067943a96, type: 3}
--- !u!1001 &4970055993398641070
PrefabInstance:
  m_ObjectHideFlags: 0
  serializedVersion: 2
  m_Modification:
    m_TransformParent: {fileID: 6064780591022302324}
    m_Modifications:
    - target: {fileID: 196474, guid: 3a6bd25b5a08b114d8b5d315a2e9376a, type: 3}
      propertyPath: m_Name
      value: NukeVerticalExplosionGreen
      objectReference: {fileID: 0}
    - target: {fileID: 405410, guid: 3a6bd25b5a08b114d8b5d315a2e9376a, type: 3}
      propertyPath: m_LocalPosition.x
      value: 0
      objectReference: {fileID: 0}
    - target: {fileID: 405410, guid: 3a6bd25b5a08b114d8b5d315a2e9376a, type: 3}
      propertyPath: m_LocalPosition.y
      value: 0.594
      objectReference: {fileID: 0}
    - target: {fileID: 405410, guid: 3a6bd25b5a08b114d8b5d315a2e9376a, type: 3}
      propertyPath: m_LocalPosition.z
      value: 0
      objectReference: {fileID: 0}
    - target: {fileID: 405410, guid: 3a6bd25b5a08b114d8b5d315a2e9376a, type: 3}
      propertyPath: m_LocalRotation.x
      value: 0
      objectReference: {fileID: 0}
    - target: {fileID: 405410, guid: 3a6bd25b5a08b114d8b5d315a2e9376a, type: 3}
      propertyPath: m_LocalRotation.y
      value: 0
      objectReference: {fileID: 0}
    - target: {fileID: 405410, guid: 3a6bd25b5a08b114d8b5d315a2e9376a, type: 3}
      propertyPath: m_LocalRotation.z
      value: 0
      objectReference: {fileID: 0}
    - target: {fileID: 405410, guid: 3a6bd25b5a08b114d8b5d315a2e9376a, type: 3}
      propertyPath: m_LocalRotation.w
      value: 1
      objectReference: {fileID: 0}
    - target: {fileID: 405410, guid: 3a6bd25b5a08b114d8b5d315a2e9376a, type: 3}
      propertyPath: m_RootOrder
      value: 6
      objectReference: {fileID: 0}
    - target: {fileID: 405410, guid: 3a6bd25b5a08b114d8b5d315a2e9376a, type: 3}
      propertyPath: m_LocalEulerAnglesHint.x
      value: 0
      objectReference: {fileID: 0}
    - target: {fileID: 405410, guid: 3a6bd25b5a08b114d8b5d315a2e9376a, type: 3}
      propertyPath: m_LocalEulerAnglesHint.y
      value: 0
      objectReference: {fileID: 0}
    - target: {fileID: 405410, guid: 3a6bd25b5a08b114d8b5d315a2e9376a, type: 3}
      propertyPath: m_LocalEulerAnglesHint.z
      value: 0
      objectReference: {fileID: 0}
    - target: {fileID: 405410, guid: 3a6bd25b5a08b114d8b5d315a2e9376a, type: 3}
      propertyPath: m_LocalScale.x
      value: 1.5
      objectReference: {fileID: 0}
    - target: {fileID: 405410, guid: 3a6bd25b5a08b114d8b5d315a2e9376a, type: 3}
      propertyPath: m_LocalScale.y
      value: 1.5
      objectReference: {fileID: 0}
    - target: {fileID: 405410, guid: 3a6bd25b5a08b114d8b5d315a2e9376a, type: 3}
      propertyPath: m_LocalScale.z
      value: 1.5
      objectReference: {fileID: 0}
    m_RemovedComponents: []
  m_SourcePrefab: {fileID: 100100000, guid: 3a6bd25b5a08b114d8b5d315a2e9376a, type: 3}
--- !u!4 &4970055993398783500 stripped
Transform:
  m_CorrespondingSourceObject: {fileID: 405410, guid: 3a6bd25b5a08b114d8b5d315a2e9376a,
    type: 3}
  m_PrefabInstance: {fileID: 4970055993398641070}
  m_PrefabAsset: {fileID: 0}
--- !u!1001 &5216618333563373343
PrefabInstance:
  m_ObjectHideFlags: 0
  serializedVersion: 2
  m_Modification:
    m_TransformParent: {fileID: 6064780591022302324}
    m_Modifications:
    - target: {fileID: -927199367670048503, guid: 4efda092bad185844acc490a9fb68588,
        type: 3}
      propertyPath: m_Name
      value: Golem_anim_mesh
      objectReference: {fileID: 0}
    - target: {fileID: -4216859302048453862, guid: 4efda092bad185844acc490a9fb68588,
        type: 3}
      propertyPath: m_LocalPosition.x
      value: 0
      objectReference: {fileID: 0}
    - target: {fileID: -4216859302048453862, guid: 4efda092bad185844acc490a9fb68588,
        type: 3}
      propertyPath: m_LocalPosition.y
      value: 0
      objectReference: {fileID: 0}
    - target: {fileID: -4216859302048453862, guid: 4efda092bad185844acc490a9fb68588,
        type: 3}
      propertyPath: m_LocalPosition.z
      value: 0
      objectReference: {fileID: 0}
    - target: {fileID: -4216859302048453862, guid: 4efda092bad185844acc490a9fb68588,
        type: 3}
      propertyPath: m_LocalRotation.x
      value: 0
      objectReference: {fileID: 0}
    - target: {fileID: -4216859302048453862, guid: 4efda092bad185844acc490a9fb68588,
        type: 3}
      propertyPath: m_LocalRotation.y
      value: 0
      objectReference: {fileID: 0}
    - target: {fileID: -4216859302048453862, guid: 4efda092bad185844acc490a9fb68588,
        type: 3}
      propertyPath: m_LocalRotation.z
      value: 0
      objectReference: {fileID: 0}
    - target: {fileID: -4216859302048453862, guid: 4efda092bad185844acc490a9fb68588,
        type: 3}
      propertyPath: m_LocalRotation.w
      value: 1
      objectReference: {fileID: 0}
    - target: {fileID: -4216859302048453862, guid: 4efda092bad185844acc490a9fb68588,
        type: 3}
      propertyPath: m_RootOrder
      value: 3
      objectReference: {fileID: 0}
    - target: {fileID: -4216859302048453862, guid: 4efda092bad185844acc490a9fb68588,
        type: 3}
      propertyPath: m_LocalEulerAnglesHint.x
      value: 0
      objectReference: {fileID: 0}
    - target: {fileID: -4216859302048453862, guid: 4efda092bad185844acc490a9fb68588,
        type: 3}
      propertyPath: m_LocalEulerAnglesHint.y
      value: 0
      objectReference: {fileID: 0}
    - target: {fileID: -4216859302048453862, guid: 4efda092bad185844acc490a9fb68588,
        type: 3}
      propertyPath: m_LocalEulerAnglesHint.z
      value: 0
      objectReference: {fileID: 0}
    m_RemovedComponents: []
  m_SourcePrefab: {fileID: 100100000, guid: 4efda092bad185844acc490a9fb68588, type: 3}
--- !u!4 &93910595447463550 stripped
Transform:
  m_CorrespondingSourceObject: {fileID: -3951761835893499551, guid: 4efda092bad185844acc490a9fb68588,
    type: 3}
  m_PrefabInstance: {fileID: 5216618333563373343}
  m_PrefabAsset: {fileID: 0}
--- !u!4 &6905284392153707704 stripped
Transform:
  m_CorrespondingSourceObject: {fileID: 1707243787577406375, guid: 4efda092bad185844acc490a9fb68588,
    type: 3}
  m_PrefabInstance: {fileID: 5216618333563373343}
  m_PrefabAsset: {fileID: 0}
--- !u!4 &945635468539358213 stripped
Transform:
  m_CorrespondingSourceObject: {fileID: -4216859302048453862, guid: 4efda092bad185844acc490a9fb68588,
    type: 3}
  m_PrefabInstance: {fileID: 5216618333563373343}
  m_PrefabAsset: {fileID: 0}
--- !u!1001 &6273596068921744594
PrefabInstance:
  m_ObjectHideFlags: 0
  serializedVersion: 2
  m_Modification:
    m_TransformParent: {fileID: 6064780591022302324}
    m_Modifications:
    - target: {fileID: 2712344366657709502, guid: af6e051f2d5351d4394ec73ded0f8c0d,
        type: 3}
      propertyPath: m_Name
      value: EnemyHealthbar
      objectReference: {fileID: 0}
    - target: {fileID: 4368182938091939061, guid: af6e051f2d5351d4394ec73ded0f8c0d,
        type: 3}
      propertyPath: m_LocalPosition.x
      value: 0
      objectReference: {fileID: 0}
    - target: {fileID: 4368182938091939061, guid: af6e051f2d5351d4394ec73ded0f8c0d,
        type: 3}
      propertyPath: m_LocalPosition.y
      value: 0
      objectReference: {fileID: 0}
    - target: {fileID: 4368182938091939061, guid: af6e051f2d5351d4394ec73ded0f8c0d,
        type: 3}
      propertyPath: m_LocalPosition.z
      value: 0
      objectReference: {fileID: 0}
    - target: {fileID: 4368182938091939061, guid: af6e051f2d5351d4394ec73ded0f8c0d,
        type: 3}
      propertyPath: m_LocalRotation.x
      value: 0
      objectReference: {fileID: 0}
    - target: {fileID: 4368182938091939061, guid: af6e051f2d5351d4394ec73ded0f8c0d,
        type: 3}
      propertyPath: m_LocalRotation.y
      value: 0
      objectReference: {fileID: 0}
    - target: {fileID: 4368182938091939061, guid: af6e051f2d5351d4394ec73ded0f8c0d,
        type: 3}
      propertyPath: m_LocalRotation.z
      value: 0
      objectReference: {fileID: 0}
    - target: {fileID: 4368182938091939061, guid: af6e051f2d5351d4394ec73ded0f8c0d,
        type: 3}
      propertyPath: m_LocalRotation.w
      value: 1
      objectReference: {fileID: 0}
    - target: {fileID: 4368182938091939061, guid: af6e051f2d5351d4394ec73ded0f8c0d,
        type: 3}
      propertyPath: m_RootOrder
      value: 4
      objectReference: {fileID: 0}
    - target: {fileID: 4368182938091939061, guid: af6e051f2d5351d4394ec73ded0f8c0d,
        type: 3}
      propertyPath: m_LocalEulerAnglesHint.x
      value: 0
      objectReference: {fileID: 0}
    - target: {fileID: 4368182938091939061, guid: af6e051f2d5351d4394ec73ded0f8c0d,
        type: 3}
      propertyPath: m_LocalEulerAnglesHint.y
      value: 0
      objectReference: {fileID: 0}
    - target: {fileID: 4368182938091939061, guid: af6e051f2d5351d4394ec73ded0f8c0d,
        type: 3}
      propertyPath: m_LocalEulerAnglesHint.z
      value: 0
      objectReference: {fileID: 0}
    - target: {fileID: 4368182938091939061, guid: af6e051f2d5351d4394ec73ded0f8c0d,
        type: 3}
      propertyPath: m_AnchoredPosition.x
      value: 0
      objectReference: {fileID: 0}
    - target: {fileID: 4368182938091939061, guid: af6e051f2d5351d4394ec73ded0f8c0d,
        type: 3}
      propertyPath: m_AnchoredPosition.y
      value: 3.3
      objectReference: {fileID: 0}
    - target: {fileID: 4368182938091939061, guid: af6e051f2d5351d4394ec73ded0f8c0d,
        type: 3}
      propertyPath: m_SizeDelta.x
      value: 100
      objectReference: {fileID: 0}
    - target: {fileID: 4368182938091939061, guid: af6e051f2d5351d4394ec73ded0f8c0d,
        type: 3}
      propertyPath: m_SizeDelta.y
      value: 100
      objectReference: {fileID: 0}
    - target: {fileID: 4368182938091939061, guid: af6e051f2d5351d4394ec73ded0f8c0d,
        type: 3}
      propertyPath: m_AnchorMin.x
      value: 0
      objectReference: {fileID: 0}
    - target: {fileID: 4368182938091939061, guid: af6e051f2d5351d4394ec73ded0f8c0d,
        type: 3}
      propertyPath: m_AnchorMin.y
      value: 0
      objectReference: {fileID: 0}
    - target: {fileID: 4368182938091939061, guid: af6e051f2d5351d4394ec73ded0f8c0d,
        type: 3}
      propertyPath: m_AnchorMax.x
      value: 0
      objectReference: {fileID: 0}
    - target: {fileID: 4368182938091939061, guid: af6e051f2d5351d4394ec73ded0f8c0d,
        type: 3}
      propertyPath: m_AnchorMax.y
      value: 0
      objectReference: {fileID: 0}
    - target: {fileID: 4368182938091939061, guid: af6e051f2d5351d4394ec73ded0f8c0d,
        type: 3}
      propertyPath: m_Pivot.x
      value: 0.5
      objectReference: {fileID: 0}
    - target: {fileID: 4368182938091939061, guid: af6e051f2d5351d4394ec73ded0f8c0d,
        type: 3}
      propertyPath: m_Pivot.y
      value: 0.5
      objectReference: {fileID: 0}
    m_RemovedComponents: []
  m_SourcePrefab: {fileID: 100100000, guid: af6e051f2d5351d4394ec73ded0f8c0d, type: 3}
--- !u!224 &7750322635820136487 stripped
RectTransform:
  m_CorrespondingSourceObject: {fileID: 4368182938091939061, guid: af6e051f2d5351d4394ec73ded0f8c0d,
    type: 3}
  m_PrefabInstance: {fileID: 6273596068921744594}
  m_PrefabAsset: {fileID: 0}
--- !u!114 &5277977957807597420 stripped
MonoBehaviour:
  m_CorrespondingSourceObject: {fileID: 2175078777898974142, guid: af6e051f2d5351d4394ec73ded0f8c0d,
    type: 3}
  m_PrefabInstance: {fileID: 6273596068921744594}
  m_PrefabAsset: {fileID: 0}
  m_GameObject: {fileID: 0}
  m_Enabled: 1
  m_EditorHideFlags: 0
  m_Script: {fileID: 11500000, guid: 1310e65397a274d44a776b51d6937f61, type: 3}
  m_Name: 
  m_EditorClassIdentifier: 
--- !u!1001 &9091722976353591457
PrefabInstance:
  m_ObjectHideFlags: 0
  serializedVersion: 2
  m_Modification:
    m_TransformParent: {fileID: 6905284392153707704}
    m_Modifications:
    - target: {fileID: -927199367670048503, guid: d2f189209f4f63041aa334f067943a96,
        type: 3}
      propertyPath: m_Name
      value: Flower_05
      objectReference: {fileID: 0}
    - target: {fileID: -4216859302048453862, guid: d2f189209f4f63041aa334f067943a96,
        type: 3}
      propertyPath: m_LocalPosition.x
      value: -0.0046959906
      objectReference: {fileID: 0}
    - target: {fileID: -4216859302048453862, guid: d2f189209f4f63041aa334f067943a96,
        type: 3}
      propertyPath: m_LocalPosition.y
      value: 0.063213386
      objectReference: {fileID: 0}
    - target: {fileID: -4216859302048453862, guid: d2f189209f4f63041aa334f067943a96,
        type: 3}
      propertyPath: m_LocalPosition.z
      value: -0.0059518917
      objectReference: {fileID: 0}
    - target: {fileID: -4216859302048453862, guid: d2f189209f4f63041aa334f067943a96,
        type: 3}
      propertyPath: m_LocalRotation.x
      value: -0.0447221
      objectReference: {fileID: 0}
    - target: {fileID: -4216859302048453862, guid: d2f189209f4f63041aa334f067943a96,
        type: 3}
      propertyPath: m_LocalRotation.y
      value: 0.00000071525585
      objectReference: {fileID: 0}
    - target: {fileID: -4216859302048453862, guid: d2f189209f4f63041aa334f067943a96,
        type: 3}
      propertyPath: m_LocalRotation.z
      value: 0.00000025331977
      objectReference: {fileID: 0}
    - target: {fileID: -4216859302048453862, guid: d2f189209f4f63041aa334f067943a96,
        type: 3}
      propertyPath: m_LocalRotation.w
      value: 0.9989995
      objectReference: {fileID: 0}
    - target: {fileID: -4216859302048453862, guid: d2f189209f4f63041aa334f067943a96,
        type: 3}
      propertyPath: m_RootOrder
      value: 0
      objectReference: {fileID: 0}
    - target: {fileID: -4216859302048453862, guid: d2f189209f4f63041aa334f067943a96,
        type: 3}
      propertyPath: m_LocalEulerAnglesHint.x
      value: -5.1260004
      objectReference: {fileID: 0}
    - target: {fileID: -4216859302048453862, guid: d2f189209f4f63041aa334f067943a96,
        type: 3}
      propertyPath: m_LocalEulerAnglesHint.y
      value: 0
      objectReference: {fileID: 0}
    - target: {fileID: -4216859302048453862, guid: d2f189209f4f63041aa334f067943a96,
        type: 3}
      propertyPath: m_LocalEulerAnglesHint.z
      value: 0
      objectReference: {fileID: 0}
    - target: {fileID: -4216859302048453862, guid: d2f189209f4f63041aa334f067943a96,
        type: 3}
      propertyPath: m_LocalScale.x
      value: 0.033417244
      objectReference: {fileID: 0}
    - target: {fileID: -4216859302048453862, guid: d2f189209f4f63041aa334f067943a96,
        type: 3}
      propertyPath: m_LocalScale.y
      value: 0.033417683
      objectReference: {fileID: 0}
    - target: {fileID: -4216859302048453862, guid: d2f189209f4f63041aa334f067943a96,
        type: 3}
      propertyPath: m_LocalScale.z
      value: 0.033417296
      objectReference: {fileID: 0}
    m_RemovedComponents: []
  m_SourcePrefab: {fileID: 100100000, guid: d2f189209f4f63041aa334f067943a96, type: 3}
