%YAML 1.1
%TAG !u! tag:unity3d.com,2011:
--- !u!244 &-3183759632703388441
AudioMixerEffectController:
  m_ObjectHideFlags: 3
  m_CorrespondingSourceObject: {fileID: 0}
  m_PrefabInstance: {fileID: 0}
  m_PrefabAsset: {fileID: 0}
  m_Name: 
  m_EffectID: 2009f4b0c52b60d48843224921709583
  m_EffectName: Attenuation
  m_MixLevel: fecd803429848c8468b413899d6bc633
  m_Parameters: []
  m_SendTarget: {fileID: 0}
  m_EnableWetMix: 0
  m_Bypass: 0
--- !u!243 &-1838014334111692830
AudioMixerGroupController:
  m_ObjectHideFlags: 0
  m_CorrespondingSourceObject: {fileID: 0}
  m_PrefabInstance: {fileID: 0}
  m_PrefabAsset: {fileID: 0}
  m_Name: Ambient
  m_AudioMixer: {fileID: 24100000}
  m_GroupID: c04d510109a7be44895eff2371a6acbf
  m_Children: []
  m_Volume: 007c35f7f5605054d992dbcc6a8b0589
  m_Pitch: 51a0ba04651b8024080b31f0dc3c8e42
  m_Send: 00000000000000000000000000000000
  m_Effects:
  - {fileID: 7492816688832985762}
  m_UserColorIndex: 2
  m_Mute: 0
  m_Solo: 0
  m_BypassEffects: 0
--- !u!243 &-634341653836006753
AudioMixerGroupController:
  m_ObjectHideFlags: 0
  m_CorrespondingSourceObject: {fileID: 0}
  m_PrefabInstance: {fileID: 0}
  m_PrefabAsset: {fileID: 0}
  m_Name: Music
  m_AudioMixer: {fileID: 24100000}
  m_GroupID: 3ba23d8a8a7be6c449acdae68b6908e1
  m_Children: []
  m_Volume: 7891cb0053f1ba74085ec71e2b73bf50
  m_Pitch: c7eadae58486c924daf6b12a2f63f730
  m_Send: 00000000000000000000000000000000
  m_Effects:
  - {fileID: -3183759632703388441}
  m_UserColorIndex: 7
  m_Mute: 0
  m_Solo: 0
  m_BypassEffects: 0
--- !u!241 &24100000
AudioMixerController:
  m_ObjectHideFlags: 0
  m_CorrespondingSourceObject: {fileID: 0}
  m_PrefabInstance: {fileID: 0}
  m_PrefabAsset: {fileID: 0}
  m_Name: MainMixer
  m_OutputGroup: {fileID: 0}
  m_MasterGroup: {fileID: 24300002}
  m_Snapshots:
  - {fileID: 24500006}
  m_StartSnapshot: {fileID: 24500006}
  m_SuspendThreshold: -80
  m_EnableSuspend: 1
  m_UpdateMode: 0
  m_ExposedParameters:
  - guid: 007c35f7f5605054d992dbcc6a8b0589
    name: AmbientVolume
  - guid: e492a88fad24f7c4886b3000bef4471e
    name: MasterVolume
  - guid: 7891cb0053f1ba74085ec71e2b73bf50
    name: MusicVolume
  - guid: 932e005860a83d046b12ea8962f718bc
    name: SFXVolume
  m_AudioMixerGroupViews:
  - guids:
    - 47ea031d6268362409af26ef85ab52ff
    - 3ba23d8a8a7be6c449acdae68b6908e1
    - 13703cf4690a6c640aa321e0b9176069
    - c04d510109a7be44895eff2371a6acbf
    name: View
  m_CurrentViewIndex: 0
  m_TargetSnapshot: {fileID: 24500006}
--- !u!243 &24300002
AudioMixerGroupController:
  m_ObjectHideFlags: 0
  m_CorrespondingSourceObject: {fileID: 0}
  m_PrefabInstance: {fileID: 0}
  m_PrefabAsset: {fileID: 0}
  m_Name: Master
  m_AudioMixer: {fileID: 24100000}
  m_GroupID: 47ea031d6268362409af26ef85ab52ff
  m_Children:
  - {fileID: -634341653836006753}
  - {fileID: 3619609221706730050}
  - {fileID: -1838014334111692830}
  m_Volume: e492a88fad24f7c4886b3000bef4471e
  m_Pitch: 996e154b80eb75348bc6c469d260bc06
  m_Send: 00000000000000000000000000000000
  m_Effects:
  - {fileID: 24400004}
  m_UserColorIndex: 3
  m_Mute: 0
  m_Solo: 0
  m_BypassEffects: 0
--- !u!244 &24400004
AudioMixerEffectController:
  m_ObjectHideFlags: 3
  m_CorrespondingSourceObject: {fileID: 0}
  m_PrefabInstance: {fileID: 0}
  m_PrefabAsset: {fileID: 0}
  m_Name: 
  m_EffectID: e42be3556dc0fc64583476f5736b01e7
  m_EffectName: Attenuation
  m_MixLevel: 4f1966a92de793d4db080ddc57cb6582
  m_Parameters: []
  m_SendTarget: {fileID: 0}
  m_EnableWetMix: 0
  m_Bypass: 0
--- !u!245 &24500006
AudioMixerSnapshotController:
  m_ObjectHideFlags: 0
  m_CorrespondingSourceObject: {fileID: 0}
  m_PrefabInstance: {fileID: 0}
  m_PrefabAsset: {fileID: 0}
  m_Name: Snapshot
  m_AudioMixer: {fileID: 24100000}
  m_SnapshotID: 50ee8d875c0ef244191edfd49d795544
  m_FloatValues: {}
  m_TransitionOverrides: {}
--- !u!243 &3619609221706730050
AudioMixerGroupController:
  m_ObjectHideFlags: 0
  m_CorrespondingSourceObject: {fileID: 0}
  m_PrefabInstance: {fileID: 0}
  m_PrefabAsset: {fileID: 0}
  m_Name: SFX
  m_AudioMixer: {fileID: 24100000}
  m_GroupID: 13703cf4690a6c640aa321e0b9176069
  m_Children: []
  m_Volume: 932e005860a83d046b12ea8962f718bc
  m_Pitch: 18919a9021e392246b2dc24d2f66e29c
  m_Send: 00000000000000000000000000000000
  m_Effects:
  - {fileID: 6979799263687528322}
  m_UserColorIndex: 8
  m_Mute: 0
  m_Solo: 0
  m_BypassEffects: 0
--- !u!244 &6979799263687528322
AudioMixerEffectController:
  m_ObjectHideFlags: 3
  m_CorrespondingSourceObject: {fileID: 0}
  m_PrefabInstance: {fileID: 0}
  m_PrefabAsset: {fileID: 0}
  m_Name: 
  m_EffectID: 5f9c1e45f83cf15449b8dc2e46fcb47e
  m_EffectName: Attenuation
  m_MixLevel: 326dadb8bf6f5e6418f74164ab72bad5
  m_Parameters: []
  m_SendTarget: {fileID: 0}
  m_EnableWetMix: 0
  m_Bypass: 0
--- !u!244 &7492816688832985762
AudioMixerEffectController:
  m_ObjectHideFlags: 3
  m_CorrespondingSourceObject: {fileID: 0}
  m_PrefabInstance: {fileID: 0}
  m_PrefabAsset: {fileID: 0}
  m_Name: 
  m_EffectID: e130fe2f8da0b9142b996eee8ab5eca3
  m_EffectName: Attenuation
  m_MixLevel: 05ffdc3b2eb943a41a2d68767ba10522
  m_Parameters: []
  m_SendTarget: {fileID: 0}
  m_EnableWetMix: 0
  m_Bypass: 0
