%YAML 1.1
%TAG !u! tag:unity3d.com,2011:
--- !u!1 &2927927559274232165
GameObject:
  m_ObjectHideFlags: 0
  m_CorrespondingSourceObject: {fileID: 0}
  m_PrefabInstance: {fileID: 0}
  m_PrefabAsset: {fileID: 0}
  serializedVersion: 6
  m_Component:
  - component: {fileID: 5885836573129044174}
  - component: {fileID: 8932108080850579507}
  - component: {fileID: 8373476805247991537}
  - component: {fileID: 5954418310352613212}
  m_Layer: 0
  m_Name: Spot Light
  m_TagString: Untagged
  m_Icon: {fileID: 0}
  m_NavMeshLayer: 0
  m_StaticEditorFlags: 0
  m_IsActive: 1
--- !u!4 &5885836573129044174
Transform:
  m_ObjectHideFlags: 0
  m_CorrespondingSourceObject: {fileID: 0}
  m_PrefabInstance: {fileID: 0}
  m_PrefabAsset: {fileID: 0}
  m_GameObject: {fileID: 2927927559274232165}
  m_LocalRotation: {x: 0.7071068, y: 0, z: 0, w: 0.7071068}
  m_LocalPosition: {x: 0, y: 4.075, z: 0.833}
  m_LocalScale: {x: 1, y: 1, z: 1}
  m_Children: []
  m_Father: {fileID: 9185142394548080103}
  m_RootOrder: 7
  m_LocalEulerAnglesHint: {x: 90, y: 0, z: 0}
--- !u!108 &8932108080850579507
Light:
  m_ObjectHideFlags: 0
  m_CorrespondingSourceObject: {fileID: 0}
  m_PrefabInstance: {fileID: 0}
  m_PrefabAsset: {fileID: 0}
  m_GameObject: {fileID: 2927927559274232165}
  m_Enabled: 1
  serializedVersion: 9
  m_Type: 0
  m_Color: {r: 1, g: 1, b: 1, a: 1}
  m_Intensity: 2387.324
  m_Range: 50
  m_SpotAngle: 64.1
  m_InnerSpotAngle: 21.80208
  m_CookieSize: 10
  m_Shadows:
    m_Type: 1
    m_Resolution: -1
    m_CustomResolution: -1
    m_Strength: 1
    m_Bias: 0.05
    m_NormalBias: 0.4
    m_NearPlane: 0.2
    m_CullingMatrixOverride:
      e00: 1
      e01: 0
      e02: 0
      e03: 0
      e10: 0
      e11: 1
      e12: 0
      e13: 0
      e20: 0
      e21: 0
      e22: 1
      e23: 0
      e30: 0
      e31: 0
      e32: 0
      e33: 1
    m_UseCullingMatrixOverride: 0
  m_Cookie: {fileID: 0}
  m_DrawHalo: 0
  m_Flare: {fileID: 0}
  m_RenderMode: 0
  m_CullingMask:
    serializedVersion: 2
    m_Bits: 4294967295
  m_RenderingLayerMask: 1
  m_Lightmapping: 4
  m_LightShadowCasterMode: 2
  m_AreaSize: {x: 1, y: 1}
  m_BounceIntensity: 1
  m_ColorTemperature: 6570
  m_UseColorTemperature: 0
  m_BoundingSphereOverride: {x: 0, y: 0, z: 0, w: 0}
  m_UseBoundingSphereOverride: 0
  m_ShadowRadius: 0
  m_ShadowAngle: 0
--- !u!114 &8373476805247991537
MonoBehaviour:
  m_ObjectHideFlags: 0
  m_CorrespondingSourceObject: {fileID: 0}
  m_PrefabInstance: {fileID: 0}
  m_PrefabAsset: {fileID: 0}
  m_GameObject: {fileID: 2927927559274232165}
  m_Enabled: 1
  m_EditorHideFlags: 0
  m_Script: {fileID: 11500000, guid: 7a68c43fe1f2a47cfa234b5eeaa98012, type: 3}
  m_Name: 
  m_EditorClassIdentifier: 
  version: 4
  m_Version: 4
  directionalIntensity: 3.1415927
  punctualIntensity: 600
  areaIntensity: 200
  enableSpotReflector: 0
  luxAtDistance: 1
  m_InnerSpotPercent: 45.5
  lightDimmer: 1
  m_VolumetricDimmer: 1
  lightUnit: 0
  sunDiskSize: 1
  sunHaloSize: 0.1
  fadeDistance: 10000
  affectDiffuse: 1
  affectSpecular: 1
  nonLightmappedOnly: 0
  lightTypeExtent: 0
  m_SpotLightShape: 0
  shapeWidth: 0.5
  shapeHeight: 0.5
  aspectRatio: 1
  shapeRadius: 0
  maxSmoothness: 0.99
  applyRangeAttenuation: 1
  useOldInspector: 0
  useVolumetric: 1
  featuresFoldout: 1
  showAdditionalSettings: 0
  displayLightIntensity: 30000
  displayAreaLightEmissiveMesh: 0
  areaLightCookie: {fileID: 0}
  areaLightShadowCone: 120
  evsmExponent: 15
  evsmLightLeakBias: 0
  evsmVarianceBias: 0.00001
  evsmBlurPasses: 0
  lightLayers: 1
  shadowNearPlane: 0.1
  shadowSoftness: 0.5
  blockerSampleCount: 24
  filterSampleCount: 16
  minFilterSize: 0.00001
  kernelSize: 5
  lightAngle: 1
  maxDepthBias: 0.001
--- !u!114 &5954418310352613212
MonoBehaviour:
  m_ObjectHideFlags: 0
  m_CorrespondingSourceObject: {fileID: 0}
  m_PrefabInstance: {fileID: 0}
  m_PrefabAsset: {fileID: 0}
  m_GameObject: {fileID: 2927927559274232165}
  m_Enabled: 1
  m_EditorHideFlags: 0
  m_Script: {fileID: 11500000, guid: c6c2871f720b2af4e9210febdac74517, type: 3}
  m_Name: 
  m_EditorClassIdentifier: 
  m_Version: 1
  shadowResolution: 512
  shadowDimmer: 1
  volumetricShadowDimmer: 1
  shadowFadeDistance: 10000
  contactShadows: 1
  viewBiasMin: 0.2
  viewBiasMax: 100
  viewBiasScale: 1
  normalBiasMin: 0.5
  normalBiasMax: 0.5
  normalBiasScale: 1
  sampleBiasScale: 0
  edgeLeakFixup: 0
  edgeToleranceNormal: 1
  edgeTolerance: 1
  shadowCascadeCount: 4
  shadowCascadeRatios:
  - 0.05
  - 0.2
  - 0.3
  shadowCascadeBorders:
  - 0.2
  - 0.2
  - 0.2
  - 0.2
  shadowAlgorithm: 0
  shadowVariant: 0
  shadowPrecision: 0
  shadowData:
    format: 0
    data: 
  shadowDatas: []
--- !u!1 &7859024517812093642
GameObject:
  m_ObjectHideFlags: 0
  m_CorrespondingSourceObject: {fileID: 0}
  m_PrefabInstance: {fileID: 0}
  m_PrefabAsset: {fileID: 0}
  serializedVersion: 6
  m_Component:
  - component: {fileID: 8633961829237684972}
  - component: {fileID: 1219350865546150179}
  m_Layer: 0
  m_Name: Density Volume (1)
  m_TagString: Untagged
  m_Icon: {fileID: 0}
  m_NavMeshLayer: 0
  m_StaticEditorFlags: 0
  m_IsActive: 1
--- !u!4 &8633961829237684972
Transform:
  m_ObjectHideFlags: 0
  m_CorrespondingSourceObject: {fileID: 0}
  m_PrefabInstance: {fileID: 0}
  m_PrefabAsset: {fileID: 0}
  m_GameObject: {fileID: 7859024517812093642}
  m_LocalRotation: {x: -0, y: -0, z: -0, w: 1}
  m_LocalPosition: {x: 0.057632446, y: -12.464085, z: 0.24780273}
  m_LocalScale: {x: 1, y: 1, z: 1}
  m_Children: []
  m_Father: {fileID: 9185142394548080103}
  m_RootOrder: 8
  m_LocalEulerAnglesHint: {x: 0, y: 0, z: 0}
--- !u!114 &1219350865546150179
MonoBehaviour:
  m_ObjectHideFlags: 0
  m_CorrespondingSourceObject: {fileID: 0}
  m_PrefabInstance: {fileID: 0}
  m_PrefabAsset: {fileID: 0}
  m_GameObject: {fileID: 7859024517812093642}
  m_Enabled: 1
  m_EditorHideFlags: 0
  m_Script: {fileID: 11500000, guid: e1fbb15bf92b84f40a1eb030765b5afe, type: 3}
  m_Name: 
  m_EditorClassIdentifier: 
  parameters:
    albedo: {r: 0.6367924, g: 0.98899287, b: 1, a: 1}
    meanFreePath: 50
    asymmetry: 0
    volumeMask: {fileID: 0}
    textureScrollingSpeed: {x: 0, y: 0, z: 0}
    textureTiling: {x: 10, y: 10, z: 10}
    positiveFade: {x: 0.33333334, y: 0, z: 0.33333334}
    negativeFade: {x: 0.33333334, y: 0.6, z: 0.33333334}
    m_EditorUniformFade: 0
    m_EditorPositiveFade: {x: 0.33333334, y: 0, z: 0.33333334}
    m_EditorNegativeFade: {x: 0.33333334, y: 0.6, z: 0.33333334}
    m_EditorAdvancedFade: 1
    size: {x: 15, y: 25, z: 15}
    invertFade: 0
    distanceFadeStart: 10000
    distanceFadeEnd: 10000
    textureIndex: -1
  m_Version: 2
--- !u!1 &8624417209426933068
GameObject:
  m_ObjectHideFlags: 0
  m_CorrespondingSourceObject: {fileID: 0}
  m_PrefabInstance: {fileID: 0}
  m_PrefabAsset: {fileID: 0}
  serializedVersion: 6
  m_Component:
  - component: {fileID: 9185142394548080103}
  m_Layer: 0
  m_Name: Cave_Hole
  m_TagString: Untagged
  m_Icon: {fileID: 0}
  m_NavMeshLayer: 0
  m_StaticEditorFlags: 0
  m_IsActive: 1
--- !u!4 &9185142394548080103
Transform:
  m_ObjectHideFlags: 0
  m_CorrespondingSourceObject: {fileID: 0}
  m_PrefabInstance: {fileID: 0}
  m_PrefabAsset: {fileID: 0}
  m_GameObject: {fileID: 8624417209426933068}
  m_LocalRotation: {x: 0, y: 0, z: 0, w: 1}
  m_LocalPosition: {x: 122.84984, y: 20.853743, z: 231.41515}
  m_LocalScale: {x: 1, y: 1, z: 1}
  m_Children:
  - {fileID: 5002251751078239341}
  - {fileID: 1234143499512167537}
  - {fileID: 8527282091430441654}
  - {fileID: 3619392049217866226}
  - {fileID: 3404489842249417894}
  - {fileID: 7530828005825998513}
  - {fileID: 5002910389645893687}
  - {fileID: 5885836573129044174}
  - {fileID: 8633961829237684972}
  - {fileID: 7769931405442103342}
  - {fileID: 3814698212133765341}
  - {fileID: 5495395316138829998}
  - {fileID: 3520136321276052439}
  - {fileID: 2909326381427882875}
  m_Father: {fileID: 0}
  m_RootOrder: 0
  m_LocalEulerAnglesHint: {x: 0, y: 0, z: 0}
--- !u!1001 &236315300531076135
PrefabInstance:
  m_ObjectHideFlags: 0
  serializedVersion: 2
  m_Modification:
    m_TransformParent: {fileID: 9185142394548080103}
    m_Modifications:
    - target: {fileID: 515239666169087942, guid: 1caf7a8a0a68d27428ae9455f7b0eda8,
        type: 3}
      propertyPath: m_Name
      value: Medium_Rock_01 (1)
      objectReference: {fileID: 0}
    - target: {fileID: 3566048707858527701, guid: 1caf7a8a0a68d27428ae9455f7b0eda8,
        type: 3}
      propertyPath: m_LocalPosition.x
      value: 4.44
      objectReference: {fileID: 0}
    - target: {fileID: 3566048707858527701, guid: 1caf7a8a0a68d27428ae9455f7b0eda8,
        type: 3}
      propertyPath: m_LocalPosition.y
      value: -0.803
      objectReference: {fileID: 0}
    - target: {fileID: 3566048707858527701, guid: 1caf7a8a0a68d27428ae9455f7b0eda8,
        type: 3}
      propertyPath: m_LocalPosition.z
      value: 1.08
      objectReference: {fileID: 0}
    - target: {fileID: 3566048707858527701, guid: 1caf7a8a0a68d27428ae9455f7b0eda8,
        type: 3}
      propertyPath: m_LocalRotation.x
      value: -0.0040418073
      objectReference: {fileID: 0}
    - target: {fileID: 3566048707858527701, guid: 1caf7a8a0a68d27428ae9455f7b0eda8,
        type: 3}
      propertyPath: m_LocalRotation.y
      value: -0.9530875
      objectReference: {fileID: 0}
    - target: {fileID: 3566048707858527701, guid: 1caf7a8a0a68d27428ae9455f7b0eda8,
        type: 3}
      propertyPath: m_LocalRotation.z
      value: 0.0051472206
      objectReference: {fileID: 0}
    - target: {fileID: 3566048707858527701, guid: 1caf7a8a0a68d27428ae9455f7b0eda8,
        type: 3}
      propertyPath: m_LocalRotation.w
      value: 0.3026241
      objectReference: {fileID: 0}
    - target: {fileID: 3566048707858527701, guid: 1caf7a8a0a68d27428ae9455f7b0eda8,
        type: 3}
      propertyPath: m_RootOrder
      value: 3
      objectReference: {fileID: 0}
    - target: {fileID: 3566048707858527701, guid: 1caf7a8a0a68d27428ae9455f7b0eda8,
        type: 3}
      propertyPath: m_LocalEulerAnglesHint.x
      value: 0.42200002
      objectReference: {fileID: 0}
    - target: {fileID: 3566048707858527701, guid: 1caf7a8a0a68d27428ae9455f7b0eda8,
        type: 3}
      propertyPath: m_LocalEulerAnglesHint.y
      value: -144.766
      objectReference: {fileID: 0}
    - target: {fileID: 3566048707858527701, guid: 1caf7a8a0a68d27428ae9455f7b0eda8,
        type: 3}
      propertyPath: m_LocalEulerAnglesHint.z
      value: 0.62
      objectReference: {fileID: 0}
    m_RemovedComponents: []
  m_SourcePrefab: {fileID: 100100000, guid: 1caf7a8a0a68d27428ae9455f7b0eda8, type: 3}
--- !u!4 &3619392049217866226 stripped
Transform:
  m_CorrespondingSourceObject: {fileID: 3566048707858527701, guid: 1caf7a8a0a68d27428ae9455f7b0eda8,
    type: 3}
  m_PrefabInstance: {fileID: 236315300531076135}
  m_PrefabAsset: {fileID: 0}
--- !u!1001 &516743498071880767
PrefabInstance:
  m_ObjectHideFlags: 0
  serializedVersion: 2
  m_Modification:
    m_TransformParent: {fileID: 9185142394548080103}
    m_Modifications:
    - target: {fileID: 9021587795617721986, guid: 3a1f6a05b7c26404a8b5c7a05d35d596,
        type: 3}
      propertyPath: m_Name
      value: Medium_Rock_03 (7)
      objectReference: {fileID: 0}
    - target: {fileID: 5433671659261123729, guid: 3a1f6a05b7c26404a8b5c7a05d35d596,
        type: 3}
      propertyPath: m_LocalPosition.x
      value: -2.05
      objectReference: {fileID: 0}
    - target: {fileID: 5433671659261123729, guid: 3a1f6a05b7c26404a8b5c7a05d35d596,
        type: 3}
      propertyPath: m_LocalPosition.y
      value: 0.8050003
      objectReference: {fileID: 0}
    - target: {fileID: 5433671659261123729, guid: 3a1f6a05b7c26404a8b5c7a05d35d596,
        type: 3}
      propertyPath: m_LocalPosition.z
      value: 4.03
      objectReference: {fileID: 0}
    - target: {fileID: 5433671659261123729, guid: 3a1f6a05b7c26404a8b5c7a05d35d596,
        type: 3}
      propertyPath: m_LocalRotation.x
      value: 0.25054944
      objectReference: {fileID: 0}
    - target: {fileID: 5433671659261123729, guid: 3a1f6a05b7c26404a8b5c7a05d35d596,
        type: 3}
      propertyPath: m_LocalRotation.y
      value: -0.7069287
      objectReference: {fileID: 0}
    - target: {fileID: 5433671659261123729, guid: 3a1f6a05b7c26404a8b5c7a05d35d596,
        type: 3}
      propertyPath: m_LocalRotation.z
      value: -0.08344714
      objectReference: {fileID: 0}
    - target: {fileID: 5433671659261123729, guid: 3a1f6a05b7c26404a8b5c7a05d35d596,
        type: 3}
      propertyPath: m_LocalRotation.w
      value: -0.65613526
      objectReference: {fileID: 0}
    - target: {fileID: 5433671659261123729, guid: 3a1f6a05b7c26404a8b5c7a05d35d596,
        type: 3}
      propertyPath: m_RootOrder
      value: 11
      objectReference: {fileID: 0}
    - target: {fileID: 5433671659261123729, guid: 3a1f6a05b7c26404a8b5c7a05d35d596,
        type: 3}
      propertyPath: m_LocalEulerAnglesHint.x
      value: -26.537
      objectReference: {fileID: 0}
    - target: {fileID: 5433671659261123729, guid: 3a1f6a05b7c26404a8b5c7a05d35d596,
        type: 3}
      propertyPath: m_LocalEulerAnglesHint.y
      value: -261.965
      objectReference: {fileID: 0}
    - target: {fileID: 5433671659261123729, guid: 3a1f6a05b7c26404a8b5c7a05d35d596,
        type: 3}
      propertyPath: m_LocalEulerAnglesHint.z
      value: -15.876
      objectReference: {fileID: 0}
    - target: {fileID: 5433671659261123729, guid: 3a1f6a05b7c26404a8b5c7a05d35d596,
        type: 3}
      propertyPath: m_LocalScale.y
      value: -1.1378
      objectReference: {fileID: 0}
    - target: {fileID: 5433671659261123729, guid: 3a1f6a05b7c26404a8b5c7a05d35d596,
        type: 3}
      propertyPath: m_LocalScale.z
      value: 1.0125006
      objectReference: {fileID: 0}
    m_RemovedComponents: []
  m_SourcePrefab: {fileID: 100100000, guid: 3a1f6a05b7c26404a8b5c7a05d35d596, type: 3}
--- !u!4 &5495395316138829998 stripped
Transform:
  m_CorrespondingSourceObject: {fileID: 5433671659261123729, guid: 3a1f6a05b7c26404a8b5c7a05d35d596,
    type: 3}
  m_PrefabInstance: {fileID: 516743498071880767}
  m_PrefabAsset: {fileID: 0}
--- !u!1001 &1010407119522479270
PrefabInstance:
  m_ObjectHideFlags: 0
  serializedVersion: 2
  m_Modification:
    m_TransformParent: {fileID: 9185142394548080103}
    m_Modifications:
    - target: {fileID: 9021587795617721986, guid: 3a1f6a05b7c26404a8b5c7a05d35d596,
        type: 3}
      propertyPath: m_Name
      value: Medium_Rock_03 (4)
      objectReference: {fileID: 0}
    - target: {fileID: 5433671659261123729, guid: 3a1f6a05b7c26404a8b5c7a05d35d596,
        type: 3}
      propertyPath: m_LocalPosition.x
      value: 5.17
      objectReference: {fileID: 0}
    - target: {fileID: 5433671659261123729, guid: 3a1f6a05b7c26404a8b5c7a05d35d596,
        type: 3}
      propertyPath: m_LocalPosition.y
      value: -0.23999977
      objectReference: {fileID: 0}
    - target: {fileID: 5433671659261123729, guid: 3a1f6a05b7c26404a8b5c7a05d35d596,
        type: 3}
      propertyPath: m_LocalPosition.z
      value: 5.44
      objectReference: {fileID: 0}
    - target: {fileID: 5433671659261123729, guid: 3a1f6a05b7c26404a8b5c7a05d35d596,
        type: 3}
      propertyPath: m_LocalRotation.x
      value: 0.4742968
      objectReference: {fileID: 0}
    - target: {fileID: 5433671659261123729, guid: 3a1f6a05b7c26404a8b5c7a05d35d596,
        type: 3}
      propertyPath: m_LocalRotation.y
      value: -0.77467644
      objectReference: {fileID: 0}
    - target: {fileID: 5433671659261123729, guid: 3a1f6a05b7c26404a8b5c7a05d35d596,
        type: 3}
      propertyPath: m_LocalRotation.z
      value: -0.27481908
      objectReference: {fileID: 0}
    - target: {fileID: 5433671659261123729, guid: 3a1f6a05b7c26404a8b5c7a05d35d596,
        type: 3}
      propertyPath: m_LocalRotation.w
      value: 0.31526712
      objectReference: {fileID: 0}
    - target: {fileID: 5433671659261123729, guid: 3a1f6a05b7c26404a8b5c7a05d35d596,
        type: 3}
      propertyPath: m_RootOrder
      value: 6
      objectReference: {fileID: 0}
    - target: {fileID: 5433671659261123729, guid: 3a1f6a05b7c26404a8b5c7a05d35d596,
        type: 3}
      propertyPath: m_LocalEulerAnglesHint.x
      value: -7.281
      objectReference: {fileID: 0}
    - target: {fileID: 5433671659261123729, guid: 3a1f6a05b7c26404a8b5c7a05d35d596,
        type: 3}
      propertyPath: m_LocalEulerAnglesHint.y
      value: -130.95401
      objectReference: {fileID: 0}
    - target: {fileID: 5433671659261123729, guid: 3a1f6a05b7c26404a8b5c7a05d35d596,
        type: 3}
      propertyPath: m_LocalEulerAnglesHint.z
      value: -66.27901
      objectReference: {fileID: 0}
    m_RemovedComponents: []
  m_SourcePrefab: {fileID: 100100000, guid: 3a1f6a05b7c26404a8b5c7a05d35d596, type: 3}
--- !u!4 &5002910389645893687 stripped
Transform:
  m_CorrespondingSourceObject: {fileID: 5433671659261123729, guid: 3a1f6a05b7c26404a8b5c7a05d35d596,
    type: 3}
  m_PrefabInstance: {fileID: 1010407119522479270}
  m_PrefabAsset: {fileID: 0}
--- !u!1001 &2358778891622606015
PrefabInstance:
  m_ObjectHideFlags: 0
  serializedVersion: 2
  m_Modification:
    m_TransformParent: {fileID: 9185142394548080103}
    m_Modifications:
    - target: {fileID: 9021587795617721986, guid: 3a1f6a05b7c26404a8b5c7a05d35d596,
        type: 3}
      propertyPath: m_Name
      value: Medium_Rock_03 (5)
      objectReference: {fileID: 0}
    - target: {fileID: 5433671659261123729, guid: 3a1f6a05b7c26404a8b5c7a05d35d596,
        type: 3}
      propertyPath: m_LocalPosition.x
      value: 6.42
      objectReference: {fileID: 0}
    - target: {fileID: 5433671659261123729, guid: 3a1f6a05b7c26404a8b5c7a05d35d596,
        type: 3}
      propertyPath: m_LocalPosition.y
      value: 0.77000046
      objectReference: {fileID: 0}
    - target: {fileID: 5433671659261123729, guid: 3a1f6a05b7c26404a8b5c7a05d35d596,
        type: 3}
      propertyPath: m_LocalPosition.z
      value: 1.45
      objectReference: {fileID: 0}
    - target: {fileID: 5433671659261123729, guid: 3a1f6a05b7c26404a8b5c7a05d35d596,
        type: 3}
      propertyPath: m_LocalRotation.x
      value: 0.5355771
      objectReference: {fileID: 0}
    - target: {fileID: 5433671659261123729, guid: 3a1f6a05b7c26404a8b5c7a05d35d596,
        type: 3}
      propertyPath: m_LocalRotation.y
      value: -0.409553
      objectReference: {fileID: 0}
    - target: {fileID: 5433671659261123729, guid: 3a1f6a05b7c26404a8b5c7a05d35d596,
        type: 3}
      propertyPath: m_LocalRotation.z
      value: 0.33266643
      objectReference: {fileID: 0}
    - target: {fileID: 5433671659261123729, guid: 3a1f6a05b7c26404a8b5c7a05d35d596,
        type: 3}
      propertyPath: m_LocalRotation.w
      value: 0.65936077
      objectReference: {fileID: 0}
    - target: {fileID: 5433671659261123729, guid: 3a1f6a05b7c26404a8b5c7a05d35d596,
        type: 3}
      propertyPath: m_RootOrder
      value: 9
      objectReference: {fileID: 0}
    - target: {fileID: 5433671659261123729, guid: 3a1f6a05b7c26404a8b5c7a05d35d596,
        type: 3}
      propertyPath: m_LocalEulerAnglesHint.x
      value: 78.172005
      objectReference: {fileID: 0}
    - target: {fileID: 5433671659261123729, guid: 3a1f6a05b7c26404a8b5c7a05d35d596,
        type: 3}
      propertyPath: m_LocalEulerAnglesHint.y
      value: -63.692
      objectReference: {fileID: 0}
    - target: {fileID: 5433671659261123729, guid: 3a1f6a05b7c26404a8b5c7a05d35d596,
        type: 3}
      propertyPath: m_LocalEulerAnglesHint.z
      value: 0
      objectReference: {fileID: 0}
    m_RemovedComponents: []
  m_SourcePrefab: {fileID: 100100000, guid: 3a1f6a05b7c26404a8b5c7a05d35d596, type: 3}
--- !u!4 &7769931405442103342 stripped
Transform:
  m_CorrespondingSourceObject: {fileID: 5433671659261123729, guid: 3a1f6a05b7c26404a8b5c7a05d35d596,
    type: 3}
  m_PrefabInstance: {fileID: 2358778891622606015}
  m_PrefabAsset: {fileID: 0}
--- !u!1001 &2588065370423144992
PrefabInstance:
  m_ObjectHideFlags: 0
  serializedVersion: 2
  m_Modification:
    m_TransformParent: {fileID: 9185142394548080103}
    m_Modifications:
    - target: {fileID: 9021587795617721986, guid: 3a1f6a05b7c26404a8b5c7a05d35d596,
        type: 3}
      propertyPath: m_Name
      value: Medium_Rock_03 (3)
      objectReference: {fileID: 0}
    - target: {fileID: 5433671659261123729, guid: 3a1f6a05b7c26404a8b5c7a05d35d596,
        type: 3}
      propertyPath: m_LocalPosition.x
      value: 3.19
      objectReference: {fileID: 0}
    - target: {fileID: 5433671659261123729, guid: 3a1f6a05b7c26404a8b5c7a05d35d596,
        type: 3}
      propertyPath: m_LocalPosition.y
      value: -0.24
      objectReference: {fileID: 0}
    - target: {fileID: 5433671659261123729, guid: 3a1f6a05b7c26404a8b5c7a05d35d596,
        type: 3}
      propertyPath: m_LocalPosition.z
      value: -3.67
      objectReference: {fileID: 0}
    - target: {fileID: 5433671659261123729, guid: 3a1f6a05b7c26404a8b5c7a05d35d596,
        type: 3}
      propertyPath: m_LocalRotation.x
      value: 0.015316052
      objectReference: {fileID: 0}
    - target: {fileID: 5433671659261123729, guid: 3a1f6a05b7c26404a8b5c7a05d35d596,
        type: 3}
      propertyPath: m_LocalRotation.y
      value: -0.13869521
      objectReference: {fileID: 0}
    - target: {fileID: 5433671659261123729, guid: 3a1f6a05b7c26404a8b5c7a05d35d596,
        type: 3}
      propertyPath: m_LocalRotation.z
      value: -0.5479496
      objectReference: {fileID: 0}
    - target: {fileID: 5433671659261123729, guid: 3a1f6a05b7c26404a8b5c7a05d35d596,
        type: 3}
      propertyPath: m_LocalRotation.w
      value: 0.8247911
      objectReference: {fileID: 0}
    - target: {fileID: 5433671659261123729, guid: 3a1f6a05b7c26404a8b5c7a05d35d596,
        type: 3}
      propertyPath: m_RootOrder
      value: 5
      objectReference: {fileID: 0}
    - target: {fileID: 5433671659261123729, guid: 3a1f6a05b7c26404a8b5c7a05d35d596,
        type: 3}
      propertyPath: m_LocalEulerAnglesHint.x
      value: -7.281
      objectReference: {fileID: 0}
    - target: {fileID: 5433671659261123729, guid: 3a1f6a05b7c26404a8b5c7a05d35d596,
        type: 3}
      propertyPath: m_LocalEulerAnglesHint.y
      value: -14.334001
      objectReference: {fileID: 0}
    - target: {fileID: 5433671659261123729, guid: 3a1f6a05b7c26404a8b5c7a05d35d596,
        type: 3}
      propertyPath: m_LocalEulerAnglesHint.z
      value: -66.27901
      objectReference: {fileID: 0}
    m_RemovedComponents: []
  m_SourcePrefab: {fileID: 100100000, guid: 3a1f6a05b7c26404a8b5c7a05d35d596, type: 3}
--- !u!4 &7530828005825998513 stripped
Transform:
  m_CorrespondingSourceObject: {fileID: 5433671659261123729, guid: 3a1f6a05b7c26404a8b5c7a05d35d596,
    type: 3}
  m_PrefabInstance: {fileID: 2588065370423144992}
  m_PrefabAsset: {fileID: 0}
--- !u!1001 &4413169692837883431
PrefabInstance:
  m_ObjectHideFlags: 0
  serializedVersion: 2
  m_Modification:
    m_TransformParent: {fileID: 9185142394548080103}
    m_Modifications:
    - target: {fileID: 9021587795617721986, guid: 3a1f6a05b7c26404a8b5c7a05d35d596,
        type: 3}
      propertyPath: m_Name
      value: Medium_Rock_03 (1)
      objectReference: {fileID: 0}
    - target: {fileID: 5433671659261123729, guid: 3a1f6a05b7c26404a8b5c7a05d35d596,
        type: 3}
      propertyPath: m_LocalPosition.x
      value: -1.118
      objectReference: {fileID: 0}
    - target: {fileID: 5433671659261123729, guid: 3a1f6a05b7c26404a8b5c7a05d35d596,
        type: 3}
      propertyPath: m_LocalPosition.y
      value: -0.275
      objectReference: {fileID: 0}
    - target: {fileID: 5433671659261123729, guid: 3a1f6a05b7c26404a8b5c7a05d35d596,
        type: 3}
      propertyPath: m_LocalPosition.z
      value: -5.51
      objectReference: {fileID: 0}
    - target: {fileID: 5433671659261123729, guid: 3a1f6a05b7c26404a8b5c7a05d35d596,
        type: 3}
      propertyPath: m_LocalRotation.x
      value: 0.4441511
      objectReference: {fileID: 0}
    - target: {fileID: 5433671659261123729, guid: 3a1f6a05b7c26404a8b5c7a05d35d596,
        type: 3}
      propertyPath: m_LocalRotation.y
      value: 0.44748086
      objectReference: {fileID: 0}
    - target: {fileID: 5433671659261123729, guid: 3a1f6a05b7c26404a8b5c7a05d35d596,
        type: 3}
      propertyPath: m_LocalRotation.z
      value: -0.55090404
      objectReference: {fileID: 0}
    - target: {fileID: 5433671659261123729, guid: 3a1f6a05b7c26404a8b5c7a05d35d596,
        type: 3}
      propertyPath: m_LocalRotation.w
      value: 0.54680485
      objectReference: {fileID: 0}
    - target: {fileID: 5433671659261123729, guid: 3a1f6a05b7c26404a8b5c7a05d35d596,
        type: 3}
      propertyPath: m_RootOrder
      value: 2
      objectReference: {fileID: 0}
    - target: {fileID: 5433671659261123729, guid: 3a1f6a05b7c26404a8b5c7a05d35d596,
        type: 3}
      propertyPath: m_LocalEulerAnglesHint.x
      value: 78.172005
      objectReference: {fileID: 0}
    - target: {fileID: 5433671659261123729, guid: 3a1f6a05b7c26404a8b5c7a05d35d596,
        type: 3}
      propertyPath: m_LocalEulerAnglesHint.y
      value: 0
      objectReference: {fileID: 0}
    - target: {fileID: 5433671659261123729, guid: 3a1f6a05b7c26404a8b5c7a05d35d596,
        type: 3}
      propertyPath: m_LocalEulerAnglesHint.z
      value: -90.428
      objectReference: {fileID: 0}
    m_RemovedComponents: []
  m_SourcePrefab: {fileID: 100100000, guid: 3a1f6a05b7c26404a8b5c7a05d35d596, type: 3}
--- !u!4 &8527282091430441654 stripped
Transform:
  m_CorrespondingSourceObject: {fileID: 5433671659261123729, guid: 3a1f6a05b7c26404a8b5c7a05d35d596,
    type: 3}
  m_PrefabInstance: {fileID: 4413169692837883431}
  m_PrefabAsset: {fileID: 0}
--- !u!1001 &6505671129814425824
PrefabInstance:
  m_ObjectHideFlags: 0
  serializedVersion: 2
  m_Modification:
    m_TransformParent: {fileID: 9185142394548080103}
    m_Modifications:
    - target: {fileID: 9021587795617721986, guid: 3a1f6a05b7c26404a8b5c7a05d35d596,
        type: 3}
      propertyPath: m_Name
      value: Medium_Rock_03
      objectReference: {fileID: 0}
    - target: {fileID: 5433671659261123729, guid: 3a1f6a05b7c26404a8b5c7a05d35d596,
        type: 3}
      propertyPath: m_LocalPosition.x
      value: -5.35
      objectReference: {fileID: 0}
    - target: {fileID: 5433671659261123729, guid: 3a1f6a05b7c26404a8b5c7a05d35d596,
        type: 3}
      propertyPath: m_LocalPosition.y
      value: 0
      objectReference: {fileID: 0}
    - target: {fileID: 5433671659261123729, guid: 3a1f6a05b7c26404a8b5c7a05d35d596,
        type: 3}
      propertyPath: m_LocalPosition.z
      value: -0.34
      objectReference: {fileID: 0}
    - target: {fileID: 5433671659261123729, guid: 3a1f6a05b7c26404a8b5c7a05d35d596,
        type: 3}
      propertyPath: m_LocalRotation.x
      value: 0.28051695
      objectReference: {fileID: 0}
    - target: {fileID: 5433671659261123729, guid: 3a1f6a05b7c26404a8b5c7a05d35d596,
        type: 3}
      propertyPath: m_LocalRotation.y
      value: 0.69514275
      objectReference: {fileID: 0}
    - target: {fileID: 5433671659261123729, guid: 3a1f6a05b7c26404a8b5c7a05d35d596,
        type: 3}
      propertyPath: m_LocalRotation.z
      value: -0.56464106
      objectReference: {fileID: 0}
    - target: {fileID: 5433671659261123729, guid: 3a1f6a05b7c26404a8b5c7a05d35d596,
        type: 3}
      propertyPath: m_LocalRotation.w
      value: 0.34535116
      objectReference: {fileID: 0}
    - target: {fileID: 5433671659261123729, guid: 3a1f6a05b7c26404a8b5c7a05d35d596,
        type: 3}
      propertyPath: m_RootOrder
      value: 1
      objectReference: {fileID: 0}
    - target: {fileID: 5433671659261123729, guid: 3a1f6a05b7c26404a8b5c7a05d35d596,
        type: 3}
      propertyPath: m_LocalEulerAnglesHint.x
      value: 78.172005
      objectReference: {fileID: 0}
    - target: {fileID: 5433671659261123729, guid: 3a1f6a05b7c26404a8b5c7a05d35d596,
        type: 3}
      propertyPath: m_LocalEulerAnglesHint.y
      value: 127.16301
      objectReference: {fileID: 0}
    - target: {fileID: 5433671659261123729, guid: 3a1f6a05b7c26404a8b5c7a05d35d596,
        type: 3}
      propertyPath: m_LocalEulerAnglesHint.z
      value: 0
      objectReference: {fileID: 0}
    m_RemovedComponents: []
  m_SourcePrefab: {fileID: 100100000, guid: 3a1f6a05b7c26404a8b5c7a05d35d596, type: 3}
--- !u!4 &1234143499512167537 stripped
Transform:
  m_CorrespondingSourceObject: {fileID: 5433671659261123729, guid: 3a1f6a05b7c26404a8b5c7a05d35d596,
    type: 3}
  m_PrefabInstance: {fileID: 6505671129814425824}
  m_PrefabAsset: {fileID: 0}
--- !u!1001 &7136032190977255402
PrefabInstance:
  m_ObjectHideFlags: 0
  serializedVersion: 2
  m_Modification:
    m_TransformParent: {fileID: 9185142394548080103}
    m_Modifications:
    - target: {fileID: 9021587795617721986, guid: 3a1f6a05b7c26404a8b5c7a05d35d596,
        type: 3}
      propertyPath: m_Name
      value: Medium_Rock_03 (9)
      objectReference: {fileID: 0}
    - target: {fileID: 5433671659261123729, guid: 3a1f6a05b7c26404a8b5c7a05d35d596,
        type: 3}
      propertyPath: m_LocalPosition.x
      value: 2.28
      objectReference: {fileID: 0}
    - target: {fileID: 5433671659261123729, guid: 3a1f6a05b7c26404a8b5c7a05d35d596,
        type: 3}
      propertyPath: m_LocalPosition.y
      value: 0.5300007
      objectReference: {fileID: 0}
    - target: {fileID: 5433671659261123729, guid: 3a1f6a05b7c26404a8b5c7a05d35d596,
        type: 3}
      propertyPath: m_LocalPosition.z
      value: -3.25
      objectReference: {fileID: 0}
    - target: {fileID: 5433671659261123729, guid: 3a1f6a05b7c26404a8b5c7a05d35d596,
        type: 3}
      propertyPath: m_LocalRotation.x
      value: -0.021464374
      objectReference: {fileID: 0}
    - target: {fileID: 5433671659261123729, guid: 3a1f6a05b7c26404a8b5c7a05d35d596,
        type: 3}
      propertyPath: m_LocalRotation.y
      value: -0.08307263
      objectReference: {fileID: 0}
    - target: {fileID: 5433671659261123729, guid: 3a1f6a05b7c26404a8b5c7a05d35d596,
        type: 3}
      propertyPath: m_LocalRotation.z
      value: -0.5477431
      objectReference: {fileID: 0}
    - target: {fileID: 5433671659261123729, guid: 3a1f6a05b7c26404a8b5c7a05d35d596,
        type: 3}
      propertyPath: m_LocalRotation.w
      value: 0.83223534
      objectReference: {fileID: 0}
    - target: {fileID: 5433671659261123729, guid: 3a1f6a05b7c26404a8b5c7a05d35d596,
        type: 3}
      propertyPath: m_RootOrder
      value: 13
      objectReference: {fileID: 0}
    - target: {fileID: 5433671659261123729, guid: 3a1f6a05b7c26404a8b5c7a05d35d596,
        type: 3}
      propertyPath: m_LocalEulerAnglesHint.x
      value: -7.281
      objectReference: {fileID: 0}
    - target: {fileID: 5433671659261123729, guid: 3a1f6a05b7c26404a8b5c7a05d35d596,
        type: 3}
      propertyPath: m_LocalEulerAnglesHint.y
      value: -6.643
      objectReference: {fileID: 0}
    - target: {fileID: 5433671659261123729, guid: 3a1f6a05b7c26404a8b5c7a05d35d596,
        type: 3}
      propertyPath: m_LocalEulerAnglesHint.z
      value: -66.27901
      objectReference: {fileID: 0}
    m_RemovedComponents: []
  m_SourcePrefab: {fileID: 100100000, guid: 3a1f6a05b7c26404a8b5c7a05d35d596, type: 3}
--- !u!4 &2909326381427882875 stripped
Transform:
  m_CorrespondingSourceObject: {fileID: 5433671659261123729, guid: 3a1f6a05b7c26404a8b5c7a05d35d596,
    type: 3}
  m_PrefabInstance: {fileID: 7136032190977255402}
  m_PrefabAsset: {fileID: 0}
--- !u!1001 &7230365291244296247
PrefabInstance:
  m_ObjectHideFlags: 0
  serializedVersion: 2
  m_Modification:
    m_TransformParent: {fileID: 9185142394548080103}
    m_Modifications:
    - target: {fileID: 9021587795617721986, guid: 3a1f6a05b7c26404a8b5c7a05d35d596,
        type: 3}
      propertyPath: m_Name
      value: Medium_Rock_03 (2)
      objectReference: {fileID: 0}
    - target: {fileID: 5433671659261123729, guid: 3a1f6a05b7c26404a8b5c7a05d35d596,
        type: 3}
      propertyPath: m_LocalPosition.x
      value: -2.06
      objectReference: {fileID: 0}
    - target: {fileID: 5433671659261123729, guid: 3a1f6a05b7c26404a8b5c7a05d35d596,
        type: 3}
      propertyPath: m_LocalPosition.y
      value: 0.034999847
      objectReference: {fileID: 0}
    - target: {fileID: 5433671659261123729, guid: 3a1f6a05b7c26404a8b5c7a05d35d596,
        type: 3}
      propertyPath: m_LocalPosition.z
      value: 5.15
      objectReference: {fileID: 0}
    - target: {fileID: 5433671659261123729, guid: 3a1f6a05b7c26404a8b5c7a05d35d596,
        type: 3}
      propertyPath: m_LocalRotation.x
      value: 0.6249374
      objectReference: {fileID: 0}
    - target: {fileID: 5433671659261123729, guid: 3a1f6a05b7c26404a8b5c7a05d35d596,
        type: 3}
      propertyPath: m_LocalRotation.y
      value: -0.7565525
      objectReference: {fileID: 0}
    - target: {fileID: 5433671659261123729, guid: 3a1f6a05b7c26404a8b5c7a05d35d596,
        type: 3}
      propertyPath: m_LocalRotation.z
      value: 0.08343949
      objectReference: {fileID: 0}
    - target: {fileID: 5433671659261123729, guid: 3a1f6a05b7c26404a8b5c7a05d35d596,
        type: 3}
      propertyPath: m_LocalRotation.w
      value: -0.1735495
      objectReference: {fileID: 0}
    - target: {fileID: 5433671659261123729, guid: 3a1f6a05b7c26404a8b5c7a05d35d596,
        type: 3}
      propertyPath: m_RootOrder
      value: 4
      objectReference: {fileID: 0}
    - target: {fileID: 5433671659261123729, guid: 3a1f6a05b7c26404a8b5c7a05d35d596,
        type: 3}
      propertyPath: m_LocalEulerAnglesHint.x
      value: -5.202
      objectReference: {fileID: 0}
    - target: {fileID: 5433671659261123729, guid: 3a1f6a05b7c26404a8b5c7a05d35d596,
        type: 3}
      propertyPath: m_LocalEulerAnglesHint.y
      value: -201.61699
      objectReference: {fileID: 0}
    - target: {fileID: 5433671659261123729, guid: 3a1f6a05b7c26404a8b5c7a05d35d596,
        type: 3}
      propertyPath: m_LocalEulerAnglesHint.z
      value: -78.122
      objectReference: {fileID: 0}
    - target: {fileID: 5433671659261123729, guid: 3a1f6a05b7c26404a8b5c7a05d35d596,
        type: 3}
      propertyPath: m_LocalScale.y
      value: -1.1378
      objectReference: {fileID: 0}
    - target: {fileID: 5433671659261123729, guid: 3a1f6a05b7c26404a8b5c7a05d35d596,
        type: 3}
      propertyPath: m_LocalScale.z
      value: 1.0125
      objectReference: {fileID: 0}
    m_RemovedComponents: []
  m_SourcePrefab: {fileID: 100100000, guid: 3a1f6a05b7c26404a8b5c7a05d35d596, type: 3}
--- !u!4 &3404489842249417894 stripped
Transform:
  m_CorrespondingSourceObject: {fileID: 5433671659261123729, guid: 3a1f6a05b7c26404a8b5c7a05d35d596,
    type: 3}
  m_PrefabInstance: {fileID: 7230365291244296247}
  m_PrefabAsset: {fileID: 0}
--- !u!1001 &8365074642062141880
PrefabInstance:
  m_ObjectHideFlags: 0
  serializedVersion: 2
  m_Modification:
    m_TransformParent: {fileID: 9185142394548080103}
    m_Modifications:
    - target: {fileID: 515239666169087942, guid: 1caf7a8a0a68d27428ae9455f7b0eda8,
        type: 3}
      propertyPath: m_Name
      value: Medium_Rock_01
      objectReference: {fileID: 0}
    - target: {fileID: 3566048707858527701, guid: 1caf7a8a0a68d27428ae9455f7b0eda8,
        type: 3}
      propertyPath: m_LocalPosition.x
      value: 4.18
      objectReference: {fileID: 0}
    - target: {fileID: 3566048707858527701, guid: 1caf7a8a0a68d27428ae9455f7b0eda8,
        type: 3}
      propertyPath: m_LocalPosition.y
      value: -1.205
      objectReference: {fileID: 0}
    - target: {fileID: 3566048707858527701, guid: 1caf7a8a0a68d27428ae9455f7b0eda8,
        type: 3}
      propertyPath: m_LocalPosition.z
      value: -6.1
      objectReference: {fileID: 0}
    - target: {fileID: 3566048707858527701, guid: 1caf7a8a0a68d27428ae9455f7b0eda8,
        type: 3}
      propertyPath: m_LocalRotation.x
      value: 0.00088521134
      objectReference: {fileID: 0}
    - target: {fileID: 3566048707858527701, guid: 1caf7a8a0a68d27428ae9455f7b0eda8,
        type: 3}
      propertyPath: m_LocalRotation.y
      value: 0.93258613
      objectReference: {fileID: 0}
    - target: {fileID: 3566048707858527701, guid: 1caf7a8a0a68d27428ae9455f7b0eda8,
        type: 3}
      propertyPath: m_LocalRotation.z
      value: 0.0064843264
      objectReference: {fileID: 0}
    - target: {fileID: 3566048707858527701, guid: 1caf7a8a0a68d27428ae9455f7b0eda8,
        type: 3}
      propertyPath: m_LocalRotation.w
      value: 0.3608884
      objectReference: {fileID: 0}
    - target: {fileID: 3566048707858527701, guid: 1caf7a8a0a68d27428ae9455f7b0eda8,
        type: 3}
      propertyPath: m_RootOrder
      value: 0
      objectReference: {fileID: 0}
    - target: {fileID: 3566048707858527701, guid: 1caf7a8a0a68d27428ae9455f7b0eda8,
        type: 3}
      propertyPath: m_LocalEulerAnglesHint.x
      value: -0.656
      objectReference: {fileID: 0}
    - target: {fileID: 3566048707858527701, guid: 1caf7a8a0a68d27428ae9455f7b0eda8,
        type: 3}
      propertyPath: m_LocalEulerAnglesHint.y
      value: 137.68701
      objectReference: {fileID: 0}
    - target: {fileID: 3566048707858527701, guid: 1caf7a8a0a68d27428ae9455f7b0eda8,
        type: 3}
      propertyPath: m_LocalEulerAnglesHint.z
      value: 0.363
      objectReference: {fileID: 0}
    m_RemovedComponents: []
  m_SourcePrefab: {fileID: 100100000, guid: 1caf7a8a0a68d27428ae9455f7b0eda8, type: 3}
--- !u!4 &5002251751078239341 stripped
Transform:
  m_CorrespondingSourceObject: {fileID: 3566048707858527701, guid: 1caf7a8a0a68d27428ae9455f7b0eda8,
    type: 3}
  m_PrefabInstance: {fileID: 8365074642062141880}
  m_PrefabAsset: {fileID: 0}
--- !u!1001 &8913273202193588038
PrefabInstance:
  m_ObjectHideFlags: 0
  serializedVersion: 2
  m_Modification:
    m_TransformParent: {fileID: 9185142394548080103}
    m_Modifications:
    - target: {fileID: 9021587795617721986, guid: 3a1f6a05b7c26404a8b5c7a05d35d596,
        type: 3}
      propertyPath: m_Name
      value: Medium_Rock_03 (8)
      objectReference: {fileID: 0}
    - target: {fileID: 5433671659261123729, guid: 3a1f6a05b7c26404a8b5c7a05d35d596,
        type: 3}
      propertyPath: m_LocalPosition.x
      value: 4.16
      objectReference: {fileID: 0}
    - target: {fileID: 5433671659261123729, guid: 3a1f6a05b7c26404a8b5c7a05d35d596,
        type: 3}
      propertyPath: m_LocalPosition.y
      value: 0.53
      objectReference: {fileID: 0}
    - target: {fileID: 5433671659261123729, guid: 3a1f6a05b7c26404a8b5c7a05d35d596,
        type: 3}
      propertyPath: m_LocalPosition.z
      value: -1.33
      objectReference: {fileID: 0}
    - target: {fileID: 5433671659261123729, guid: 3a1f6a05b7c26404a8b5c7a05d35d596,
        type: 3}
      propertyPath: m_LocalRotation.x
      value: 0.38828966
      objectReference: {fileID: 0}
    - target: {fileID: 5433671659261123729, guid: 3a1f6a05b7c26404a8b5c7a05d35d596,
        type: 3}
      propertyPath: m_LocalRotation.y
      value: -0.66835034
      objectReference: {fileID: 0}
    - target: {fileID: 5433671659261123729, guid: 3a1f6a05b7c26404a8b5c7a05d35d596,
        type: 3}
      propertyPath: m_LocalRotation.z
      value: -0.38692892
      objectReference: {fileID: 0}
    - target: {fileID: 5433671659261123729, guid: 3a1f6a05b7c26404a8b5c7a05d35d596,
        type: 3}
      propertyPath: m_LocalRotation.w
      value: 0.5028171
      objectReference: {fileID: 0}
    - target: {fileID: 5433671659261123729, guid: 3a1f6a05b7c26404a8b5c7a05d35d596,
        type: 3}
      propertyPath: m_RootOrder
      value: 12
      objectReference: {fileID: 0}
    - target: {fileID: 5433671659261123729, guid: 3a1f6a05b7c26404a8b5c7a05d35d596,
        type: 3}
      propertyPath: m_LocalEulerAnglesHint.x
      value: -7.281
      objectReference: {fileID: 0}
    - target: {fileID: 5433671659261123729, guid: 3a1f6a05b7c26404a8b5c7a05d35d596,
        type: 3}
      propertyPath: m_LocalEulerAnglesHint.y
      value: -101.33301
      objectReference: {fileID: 0}
    - target: {fileID: 5433671659261123729, guid: 3a1f6a05b7c26404a8b5c7a05d35d596,
        type: 3}
      propertyPath: m_LocalEulerAnglesHint.z
      value: -66.27901
      objectReference: {fileID: 0}
    m_RemovedComponents: []
  m_SourcePrefab: {fileID: 100100000, guid: 3a1f6a05b7c26404a8b5c7a05d35d596, type: 3}
--- !u!4 &3520136321276052439 stripped
Transform:
  m_CorrespondingSourceObject: {fileID: 5433671659261123729, guid: 3a1f6a05b7c26404a8b5c7a05d35d596,
    type: 3}
  m_PrefabInstance: {fileID: 8913273202193588038}
  m_PrefabAsset: {fileID: 0}
--- !u!1001 &9194310045214497868
PrefabInstance:
  m_ObjectHideFlags: 0
  serializedVersion: 2
  m_Modification:
    m_TransformParent: {fileID: 9185142394548080103}
    m_Modifications:
    - target: {fileID: 9021587795617721986, guid: 3a1f6a05b7c26404a8b5c7a05d35d596,
        type: 3}
      propertyPath: m_Name
      value: Medium_Rock_03 (6)
      objectReference: {fileID: 0}
    - target: {fileID: 5433671659261123729, guid: 3a1f6a05b7c26404a8b5c7a05d35d596,
        type: 3}
      propertyPath: m_LocalPosition.x
      value: -4.26
      objectReference: {fileID: 0}
    - target: {fileID: 5433671659261123729, guid: 3a1f6a05b7c26404a8b5c7a05d35d596,
        type: 3}
      propertyPath: m_LocalPosition.y
      value: 0.49500084
      objectReference: {fileID: 0}
    - target: {fileID: 5433671659261123729, guid: 3a1f6a05b7c26404a8b5c7a05d35d596,
        type: 3}
      propertyPath: m_LocalPosition.z
      value: -2.38
      objectReference: {fileID: 0}
    - target: {fileID: 5433671659261123729, guid: 3a1f6a05b7c26404a8b5c7a05d35d596,
        type: 3}
      propertyPath: m_LocalRotation.x
      value: 0.30046248
      objectReference: {fileID: 0}
    - target: {fileID: 5433671659261123729, guid: 3a1f6a05b7c26404a8b5c7a05d35d596,
        type: 3}
      propertyPath: m_LocalRotation.y
      value: 0.5646367
      objectReference: {fileID: 0}
    - target: {fileID: 5433671659261123729, guid: 3a1f6a05b7c26404a8b5c7a05d35d596,
        type: 3}
      propertyPath: m_LocalRotation.z
      value: -0.64069337
      objectReference: {fileID: 0}
    - target: {fileID: 5433671659261123729, guid: 3a1f6a05b7c26404a8b5c7a05d35d596,
        type: 3}
      propertyPath: m_LocalRotation.w
      value: 0.42475843
      objectReference: {fileID: 0}
    - target: {fileID: 5433671659261123729, guid: 3a1f6a05b7c26404a8b5c7a05d35d596,
        type: 3}
      propertyPath: m_RootOrder
      value: 10
      objectReference: {fileID: 0}
    - target: {fileID: 5433671659261123729, guid: 3a1f6a05b7c26404a8b5c7a05d35d596,
        type: 3}
      propertyPath: m_LocalEulerAnglesHint.x
      value: 78.172005
      objectReference: {fileID: 0}
    - target: {fileID: 5433671659261123729, guid: 3a1f6a05b7c26404a8b5c7a05d35d596,
        type: 3}
      propertyPath: m_LocalEulerAnglesHint.y
      value: 27.503002
      objectReference: {fileID: 0}
    - target: {fileID: 5433671659261123729, guid: 3a1f6a05b7c26404a8b5c7a05d35d596,
        type: 3}
      propertyPath: m_LocalEulerAnglesHint.z
      value: -90.428
      objectReference: {fileID: 0}
    m_RemovedComponents: []
  m_SourcePrefab: {fileID: 100100000, guid: 3a1f6a05b7c26404a8b5c7a05d35d596, type: 3}
--- !u!4 &3814698212133765341 stripped
Transform:
  m_CorrespondingSourceObject: {fileID: 5433671659261123729, guid: 3a1f6a05b7c26404a8b5c7a05d35d596,
    type: 3}
  m_PrefabInstance: {fileID: 9194310045214497868}
  m_PrefabAsset: {fileID: 0}
