%YAML 1.1
%TAG !u! tag:unity3d.com,2011:
--- !u!1 &100693611763525071
GameObject:
  m_ObjectHideFlags: 0
  m_CorrespondingSourceObject: {fileID: 0}
  m_PrefabInstance: {fileID: 0}
  m_PrefabAsset: {fileID: 0}
  serializedVersion: 6
  m_Component:
  - component: {fileID: 2177749926113457324}
  - component: {fileID: 3389943172682652137}
  - component: {fileID: 108964044060516336}
  - component: {fileID: 8575154360697263021}
  m_Layer: 0
  m_Name: Rock_Stalagtite_01 (5)
  m_TagString: Untagged
  m_Icon: {fileID: 0}
  m_NavMeshLayer: 0
  m_StaticEditorFlags: 4294967295
  m_IsActive: 1
--- !u!4 &2177749926113457324
Transform:
  m_ObjectHideFlags: 0
  m_CorrespondingSourceObject: {fileID: 0}
  m_PrefabInstance: {fileID: 0}
  m_PrefabAsset: {fileID: 0}
  m_GameObject: {fileID: 100693611763525071}
  m_LocalRotation: {x: -0, y: -0.4670892, z: -0, w: -0.8842102}
  m_LocalPosition: {x: -1.72, y: 0.5300007, z: 0.08}
  m_LocalScale: {x: 0.56230056, y: 0.56229997, z: 0.56230056}
  m_Children: []
  m_Father: {fileID: 7324712430417859305}
  m_RootOrder: 5
  m_LocalEulerAnglesHint: {x: 0, y: -304.309, z: 0}
--- !u!33 &3389943172682652137
MeshFilter:
  m_ObjectHideFlags: 0
  m_CorrespondingSourceObject: {fileID: 0}
  m_PrefabInstance: {fileID: 0}
  m_PrefabAsset: {fileID: 0}
  m_GameObject: {fileID: 100693611763525071}
  m_Mesh: {fileID: -6772139994335703833, guid: ab380d73fcc12aa4a9b3b2a4083bd8cd, type: 3}
--- !u!23 &108964044060516336
MeshRenderer:
  m_ObjectHideFlags: 0
  m_CorrespondingSourceObject: {fileID: 0}
  m_PrefabInstance: {fileID: 0}
  m_PrefabAsset: {fileID: 0}
  m_GameObject: {fileID: 100693611763525071}
  m_Enabled: 1
  m_CastShadows: 1
  m_ReceiveShadows: 1
  m_DynamicOccludee: 1
  m_MotionVectors: 1
  m_LightProbeUsage: 1
  m_ReflectionProbeUsage: 1
  m_RenderingLayerMask: 1
  m_RendererPriority: 0
  m_Materials:
  - {fileID: 2100000, guid: e08278969dadf2043881d451ed11045e, type: 2}
  m_StaticBatchInfo:
    firstSubMesh: 0
    subMeshCount: 0
  m_StaticBatchRoot: {fileID: 0}
  m_ProbeAnchor: {fileID: 0}
  m_LightProbeVolumeOverride: {fileID: 0}
  m_ScaleInLightmap: 1
  m_PreserveUVs: 0
  m_IgnoreNormalsForChartDetection: 0
  m_ImportantGI: 0
  m_StitchLightmapSeams: 1
  m_SelectedEditorRenderState: 3
  m_MinimumChartSize: 4
  m_AutoUVMaxDistance: 0.5
  m_AutoUVMaxAngle: 89
  m_LightmapParameters: {fileID: 0}
  m_SortingLayerID: 0
  m_SortingLayer: 0
  m_SortingOrder: 0
--- !u!114 &8575154360697263021
MonoBehaviour:
  m_ObjectHideFlags: 0
  m_CorrespondingSourceObject: {fileID: 0}
  m_PrefabInstance: {fileID: 0}
  m_PrefabAsset: {fileID: 0}
  m_GameObject: {fileID: 100693611763525071}
  m_Enabled: 1
  m_EditorHideFlags: 0
  m_Script: {fileID: 11500000, guid: 71bea4c010b684720a24c8646da392e3, type: 3}
  m_Name: 
  m_EditorClassIdentifier: 
  minScale: 1
  maxScale: 1
  gameObjects:
  - {fileID: 100693611763525071}
--- !u!1 &1164510610365743684
GameObject:
  m_ObjectHideFlags: 0
  m_CorrespondingSourceObject: {fileID: 0}
  m_PrefabInstance: {fileID: 0}
  m_PrefabAsset: {fileID: 0}
  serializedVersion: 6
  m_Component:
  - component: {fileID: 7964779290733386422}
  - component: {fileID: 836741685941408564}
  - component: {fileID: 7298824652995452140}
  - component: {fileID: 3601690599834859196}
  m_Layer: 0
  m_Name: Rock_Stalagtite_01 (3)
  m_TagString: Untagged
  m_Icon: {fileID: 0}
  m_NavMeshLayer: 0
  m_StaticEditorFlags: 4294967295
  m_IsActive: 1
--- !u!4 &7964779290733386422
Transform:
  m_ObjectHideFlags: 0
  m_CorrespondingSourceObject: {fileID: 0}
  m_PrefabInstance: {fileID: 0}
  m_PrefabAsset: {fileID: 0}
  m_GameObject: {fileID: 1164510610365743684}
  m_LocalRotation: {x: -0, y: -0.94089395, z: -0, w: -0.3387015}
  m_LocalPosition: {x: 0.4099884, y: 0.5300007, z: 0.20999908}
  m_LocalScale: {x: 0.56230193, y: 0.56230164, z: 0.56230193}
  m_Children: []
  m_Father: {fileID: 7324712430417859305}
  m_RootOrder: 3
  m_LocalEulerAnglesHint: {x: 0, y: -219.596, z: 0}
--- !u!33 &836741685941408564
MeshFilter:
  m_ObjectHideFlags: 0
  m_CorrespondingSourceObject: {fileID: 0}
  m_PrefabInstance: {fileID: 0}
  m_PrefabAsset: {fileID: 0}
  m_GameObject: {fileID: 1164510610365743684}
  m_Mesh: {fileID: -6772139994335703833, guid: ab380d73fcc12aa4a9b3b2a4083bd8cd, type: 3}
--- !u!23 &7298824652995452140
MeshRenderer:
  m_ObjectHideFlags: 0
  m_CorrespondingSourceObject: {fileID: 0}
  m_PrefabInstance: {fileID: 0}
  m_PrefabAsset: {fileID: 0}
  m_GameObject: {fileID: 1164510610365743684}
  m_Enabled: 1
  m_CastShadows: 1
  m_ReceiveShadows: 1
  m_DynamicOccludee: 1
  m_MotionVectors: 1
  m_LightProbeUsage: 1
  m_ReflectionProbeUsage: 1
  m_RenderingLayerMask: 1
  m_RendererPriority: 0
  m_Materials:
  - {fileID: 2100000, guid: e08278969dadf2043881d451ed11045e, type: 2}
  m_StaticBatchInfo:
    firstSubMesh: 0
    subMeshCount: 0
  m_StaticBatchRoot: {fileID: 0}
  m_ProbeAnchor: {fileID: 0}
  m_LightProbeVolumeOverride: {fileID: 0}
  m_ScaleInLightmap: 1
  m_PreserveUVs: 0
  m_IgnoreNormalsForChartDetection: 0
  m_ImportantGI: 0
  m_StitchLightmapSeams: 1
  m_SelectedEditorRenderState: 3
  m_MinimumChartSize: 4
  m_AutoUVMaxDistance: 0.5
  m_AutoUVMaxAngle: 89
  m_LightmapParameters: {fileID: 0}
  m_SortingLayerID: 0
  m_SortingLayer: 0
  m_SortingOrder: 0
--- !u!114 &3601690599834859196
MonoBehaviour:
  m_ObjectHideFlags: 0
  m_CorrespondingSourceObject: {fileID: 0}
  m_PrefabInstance: {fileID: 0}
  m_PrefabAsset: {fileID: 0}
  m_GameObject: {fileID: 1164510610365743684}
  m_Enabled: 1
  m_EditorHideFlags: 0
  m_Script: {fileID: 11500000, guid: 71bea4c010b684720a24c8646da392e3, type: 3}
  m_Name: 
  m_EditorClassIdentifier: 
  minScale: 1
  maxScale: 1
  gameObjects:
  - {fileID: 1164510610365743684}
--- !u!1 &4882676379633322402
GameObject:
  m_ObjectHideFlags: 0
  m_CorrespondingSourceObject: {fileID: 0}
  m_PrefabInstance: {fileID: 0}
  m_PrefabAsset: {fileID: 0}
  serializedVersion: 6
  m_Component:
  - component: {fileID: 5839690607901704934}
  - component: {fileID: 3440747158059843587}
  - component: {fileID: 8242878713234392988}
  - component: {fileID: 933050827695674061}
  m_Layer: 0
  m_Name: Rock_Stalagtite_01 (2)
  m_TagString: Untagged
  m_Icon: {fileID: 0}
  m_NavMeshLayer: 0
  m_StaticEditorFlags: 4294967295
  m_IsActive: 1
--- !u!4 &5839690607901704934
Transform:
  m_ObjectHideFlags: 0
  m_CorrespondingSourceObject: {fileID: 0}
  m_PrefabInstance: {fileID: 0}
  m_PrefabAsset: {fileID: 0}
  m_GameObject: {fileID: 4882676379633322402}
  m_LocalRotation: {x: -0, y: -0.998219, z: -0, w: -0.059656322}
  m_LocalPosition: {x: 1.12, y: 0, z: -0.67}
  m_LocalScale: {x: 0.5623016, y: 0.56230164, z: 0.5623016}
  m_Children: []
  m_Father: {fileID: 7324712430417859305}
  m_RootOrder: 2
  m_LocalEulerAnglesHint: {x: 0, y: -186.84, z: 0}
--- !u!33 &3440747158059843587
MeshFilter:
  m_ObjectHideFlags: 0
  m_CorrespondingSourceObject: {fileID: 0}
  m_PrefabInstance: {fileID: 0}
  m_PrefabAsset: {fileID: 0}
  m_GameObject: {fileID: 4882676379633322402}
  m_Mesh: {fileID: -6772139994335703833, guid: ab380d73fcc12aa4a9b3b2a4083bd8cd, type: 3}
--- !u!23 &8242878713234392988
MeshRenderer:
  m_ObjectHideFlags: 0
  m_CorrespondingSourceObject: {fileID: 0}
  m_PrefabInstance: {fileID: 0}
  m_PrefabAsset: {fileID: 0}
  m_GameObject: {fileID: 4882676379633322402}
  m_Enabled: 1
  m_CastShadows: 1
  m_ReceiveShadows: 1
  m_DynamicOccludee: 1
  m_MotionVectors: 1
  m_LightProbeUsage: 1
  m_ReflectionProbeUsage: 1
  m_RenderingLayerMask: 1
  m_RendererPriority: 0
  m_Materials:
  - {fileID: 2100000, guid: e08278969dadf2043881d451ed11045e, type: 2}
  m_StaticBatchInfo:
    firstSubMesh: 0
    subMeshCount: 0
  m_StaticBatchRoot: {fileID: 0}
  m_ProbeAnchor: {fileID: 0}
  m_LightProbeVolumeOverride: {fileID: 0}
  m_ScaleInLightmap: 1
  m_PreserveUVs: 0
  m_IgnoreNormalsForChartDetection: 0
  m_ImportantGI: 0
  m_StitchLightmapSeams: 1
  m_SelectedEditorRenderState: 3
  m_MinimumChartSize: 4
  m_AutoUVMaxDistance: 0.5
  m_AutoUVMaxAngle: 89
  m_LightmapParameters: {fileID: 0}
  m_SortingLayerID: 0
  m_SortingLayer: 0
  m_SortingOrder: 0
--- !u!114 &933050827695674061
MonoBehaviour:
  m_ObjectHideFlags: 0
  m_CorrespondingSourceObject: {fileID: 0}
  m_PrefabInstance: {fileID: 0}
  m_PrefabAsset: {fileID: 0}
  m_GameObject: {fileID: 4882676379633322402}
  m_Enabled: 1
  m_EditorHideFlags: 0
  m_Script: {fileID: 11500000, guid: 71bea4c010b684720a24c8646da392e3, type: 3}
  m_Name: 
  m_EditorClassIdentifier: 
  minScale: 1
  maxScale: 1
  gameObjects:
  - {fileID: 4882676379633322402}
--- !u!1 &6052207866933616890
GameObject:
  m_ObjectHideFlags: 0
  m_CorrespondingSourceObject: {fileID: 0}
  m_PrefabInstance: {fileID: 0}
  m_PrefabAsset: {fileID: 0}
  serializedVersion: 6
  m_Component:
  - component: {fileID: 7324712430417859305}
  - component: {fileID: 1800768714363037919}
  - component: {fileID: 5458667251269178406}
  - component: {fileID: -5960571154969727254}
  m_Layer: 0
  m_Name: Rock_Stalagtite_01
  m_TagString: Untagged
  m_Icon: {fileID: 0}
  m_NavMeshLayer: 0
  m_StaticEditorFlags: 4294967295
  m_IsActive: 1
--- !u!4 &7324712430417859305
Transform:
  m_ObjectHideFlags: 0
  m_CorrespondingSourceObject: {fileID: 0}
  m_PrefabInstance: {fileID: 0}
  m_PrefabAsset: {fileID: 0}
  m_GameObject: {fileID: 6052207866933616890}
  m_LocalRotation: {x: 0, y: -0, z: -0, w: 1}
  m_LocalPosition: {x: 181.88019, y: 19.237291, z: 113.134766}
  m_LocalScale: {x: 1, y: 1, z: 1}
  m_Children:
  - {fileID: 7261569060729047503}
  - {fileID: 6181258004191333596}
  - {fileID: 5839690607901704934}
  - {fileID: 7964779290733386422}
  - {fileID: 7856304188117476027}
  - {fileID: 2177749926113457324}
  m_Father: {fileID: 0}
  m_RootOrder: 0
  m_LocalEulerAnglesHint: {x: 0, y: 0, z: 0}
--- !u!33 &1800768714363037919
MeshFilter:
  m_ObjectHideFlags: 0
  m_CorrespondingSourceObject: {fileID: 0}
  m_PrefabInstance: {fileID: 0}
  m_PrefabAsset: {fileID: 0}
  m_GameObject: {fileID: 6052207866933616890}
  m_Mesh: {fileID: -6772139994335703833, guid: ab380d73fcc12aa4a9b3b2a4083bd8cd, type: 3}
--- !u!23 &5458667251269178406
MeshRenderer:
  m_ObjectHideFlags: 0
  m_CorrespondingSourceObject: {fileID: 0}
  m_PrefabInstance: {fileID: 0}
  m_PrefabAsset: {fileID: 0}
  m_GameObject: {fileID: 6052207866933616890}
  m_Enabled: 1
  m_CastShadows: 1
  m_ReceiveShadows: 1
  m_DynamicOccludee: 1
  m_MotionVectors: 1
  m_LightProbeUsage: 1
  m_ReflectionProbeUsage: 1
  m_RenderingLayerMask: 1
  m_RendererPriority: 0
  m_Materials:
  - {fileID: 2100000, guid: e08278969dadf2043881d451ed11045e, type: 2}
  m_StaticBatchInfo:
    firstSubMesh: 0
    subMeshCount: 0
  m_StaticBatchRoot: {fileID: 0}
  m_ProbeAnchor: {fileID: 0}
  m_LightProbeVolumeOverride: {fileID: 0}
  m_ScaleInLightmap: 1
  m_PreserveUVs: 0
  m_IgnoreNormalsForChartDetection: 0
  m_ImportantGI: 0
  m_StitchLightmapSeams: 1
  m_SelectedEditorRenderState: 3
  m_MinimumChartSize: 4
  m_AutoUVMaxDistance: 0.5
  m_AutoUVMaxAngle: 89
  m_LightmapParameters: {fileID: 0}
  m_SortingLayerID: 0
  m_SortingLayer: 0
  m_SortingOrder: 0
--- !u!114 &-5960571154969727254
MonoBehaviour:
  m_ObjectHideFlags: 0
  m_CorrespondingSourceObject: {fileID: 0}
  m_PrefabInstance: {fileID: 0}
  m_PrefabAsset: {fileID: 0}
  m_GameObject: {fileID: 6052207866933616890}
  m_Enabled: 1
  m_EditorHideFlags: 0
  m_Script: {fileID: 11500000, guid: 71bea4c010b684720a24c8646da392e3, type: 3}
  m_Name: 
  m_EditorClassIdentifier: 
  minScale: 1
  maxScale: 1
  gameObjects:
  - {fileID: 6052207866933616890}
--- !u!1 &6052716872314368349
GameObject:
  m_ObjectHideFlags: 0
  m_CorrespondingSourceObject: {fileID: 0}
  m_PrefabInstance: {fileID: 0}
  m_PrefabAsset: {fileID: 0}
  serializedVersion: 6
  m_Component:
  - component: {fileID: 7261569060729047503}
  - component: {fileID: 8603928955728415012}
  - component: {fileID: 6973783998160933118}
  - component: {fileID: 3700725020920240234}
  m_Layer: 0
  m_Name: Rock_Stalagtite_01
  m_TagString: Untagged
  m_Icon: {fileID: 0}
  m_NavMeshLayer: 0
  m_StaticEditorFlags: 4294967295
  m_IsActive: 1
--- !u!4 &7261569060729047503
Transform:
  m_ObjectHideFlags: 0
  m_CorrespondingSourceObject: {fileID: 0}
  m_PrefabInstance: {fileID: 0}
  m_PrefabAsset: {fileID: 0}
  m_GameObject: {fileID: 6052716872314368349}
  m_LocalRotation: {x: -0, y: -0.6288323, z: -0, w: 0.7775409}
  m_LocalPosition: {x: 0, y: 0, z: -1}
  m_LocalScale: {x: 0.75877, y: 0.75877, z: 0.75877}
  m_Children: []
  m_Father: {fileID: 7324712430417859305}
  m_RootOrder: 0
  m_LocalEulerAnglesHint: {x: 0, y: -77.928, z: 0}
--- !u!33 &8603928955728415012
MeshFilter:
  m_ObjectHideFlags: 0
  m_CorrespondingSourceObject: {fileID: 0}
  m_PrefabInstance: {fileID: 0}
  m_PrefabAsset: {fileID: 0}
  m_GameObject: {fileID: 6052716872314368349}
  m_Mesh: {fileID: -6772139994335703833, guid: ab380d73fcc12aa4a9b3b2a4083bd8cd, type: 3}
--- !u!23 &6973783998160933118
MeshRenderer:
  m_ObjectHideFlags: 0
  m_CorrespondingSourceObject: {fileID: 0}
  m_PrefabInstance: {fileID: 0}
  m_PrefabAsset: {fileID: 0}
  m_GameObject: {fileID: 6052716872314368349}
  m_Enabled: 1
  m_CastShadows: 1
  m_ReceiveShadows: 1
  m_DynamicOccludee: 1
  m_MotionVectors: 1
  m_LightProbeUsage: 1
  m_ReflectionProbeUsage: 1
  m_RenderingLayerMask: 1
  m_RendererPriority: 0
  m_Materials:
  - {fileID: 2100000, guid: e08278969dadf2043881d451ed11045e, type: 2}
  m_StaticBatchInfo:
    firstSubMesh: 0
    subMeshCount: 0
  m_StaticBatchRoot: {fileID: 0}
  m_ProbeAnchor: {fileID: 0}
  m_LightProbeVolumeOverride: {fileID: 0}
  m_ScaleInLightmap: 1
  m_PreserveUVs: 0
  m_IgnoreNormalsForChartDetection: 0
  m_ImportantGI: 0
  m_StitchLightmapSeams: 1
  m_SelectedEditorRenderState: 3
  m_MinimumChartSize: 4
  m_AutoUVMaxDistance: 0.5
  m_AutoUVMaxAngle: 89
  m_LightmapParameters: {fileID: 0}
  m_SortingLayerID: 0
  m_SortingLayer: 0
  m_SortingOrder: 0
--- !u!114 &3700725020920240234
MonoBehaviour:
  m_ObjectHideFlags: 0
  m_CorrespondingSourceObject: {fileID: 0}
  m_PrefabInstance: {fileID: 0}
  m_PrefabAsset: {fileID: 0}
  m_GameObject: {fileID: 6052716872314368349}
  m_Enabled: 1
  m_EditorHideFlags: 0
  m_Script: {fileID: 11500000, guid: 71bea4c010b684720a24c8646da392e3, type: 3}
  m_Name: 
  m_EditorClassIdentifier: 
  minScale: 1
  maxScale: 1
  gameObjects:
  - {fileID: 6052716872314368349}
--- !u!1 &6217586038174311728
GameObject:
  m_ObjectHideFlags: 0
  m_CorrespondingSourceObject: {fileID: 0}
  m_PrefabInstance: {fileID: 0}
  m_PrefabAsset: {fileID: 0}
  serializedVersion: 6
  m_Component:
  - component: {fileID: 7856304188117476027}
  - component: {fileID: 4656415822358733763}
  - component: {fileID: 6807348059377868208}
  - component: {fileID: 778147748354510496}
  m_Layer: 0
  m_Name: Rock_Stalagtite_01 (4)
  m_TagString: Untagged
  m_Icon: {fileID: 0}
  m_NavMeshLayer: 0
  m_StaticEditorFlags: 4294967295
  m_IsActive: 1
--- !u!4 &7856304188117476027
Transform:
  m_ObjectHideFlags: 0
  m_CorrespondingSourceObject: {fileID: 0}
  m_PrefabInstance: {fileID: 0}
  m_PrefabAsset: {fileID: 0}
  m_GameObject: {fileID: 6217586038174311728}
  m_LocalRotation: {x: -0, y: -0.6974553, z: -0, w: -0.7166284}
  m_LocalPosition: {x: 0.06, y: 0, z: 0.87}
  m_LocalScale: {x: 0.56230015, y: 0.56229997, z: 0.56230015}
  m_Children: []
  m_Father: {fileID: 7324712430417859305}
  m_RootOrder: 4
  m_LocalEulerAnglesHint: {x: 0, y: -271.554, z: 0}
--- !u!33 &4656415822358733763
MeshFilter:
  m_ObjectHideFlags: 0
  m_CorrespondingSourceObject: {fileID: 0}
  m_PrefabInstance: {fileID: 0}
  m_PrefabAsset: {fileID: 0}
  m_GameObject: {fileID: 6217586038174311728}
  m_Mesh: {fileID: -6772139994335703833, guid: ab380d73fcc12aa4a9b3b2a4083bd8cd, type: 3}
--- !u!23 &6807348059377868208
MeshRenderer:
  m_ObjectHideFlags: 0
  m_CorrespondingSourceObject: {fileID: 0}
  m_PrefabInstance: {fileID: 0}
  m_PrefabAsset: {fileID: 0}
  m_GameObject: {fileID: 6217586038174311728}
  m_Enabled: 1
  m_CastShadows: 1
  m_ReceiveShadows: 1
  m_DynamicOccludee: 1
  m_MotionVectors: 1
  m_LightProbeUsage: 1
  m_ReflectionProbeUsage: 1
  m_RenderingLayerMask: 1
  m_RendererPriority: 0
  m_Materials:
  - {fileID: 2100000, guid: e08278969dadf2043881d451ed11045e, type: 2}
  m_StaticBatchInfo:
    firstSubMesh: 0
    subMeshCount: 0
  m_StaticBatchRoot: {fileID: 0}
  m_ProbeAnchor: {fileID: 0}
  m_LightProbeVolumeOverride: {fileID: 0}
  m_ScaleInLightmap: 1
  m_PreserveUVs: 0
  m_IgnoreNormalsForChartDetection: 0
  m_ImportantGI: 0
  m_StitchLightmapSeams: 1
  m_SelectedEditorRenderState: 3
  m_MinimumChartSize: 4
  m_AutoUVMaxDistance: 0.5
  m_AutoUVMaxAngle: 89
  m_LightmapParameters: {fileID: 0}
  m_SortingLayerID: 0
  m_SortingLayer: 0
  m_SortingOrder: 0
--- !u!114 &778147748354510496
MonoBehaviour:
  m_ObjectHideFlags: 0
  m_CorrespondingSourceObject: {fileID: 0}
  m_PrefabInstance: {fileID: 0}
  m_PrefabAsset: {fileID: 0}
  m_GameObject: {fileID: 6217586038174311728}
  m_Enabled: 1
  m_EditorHideFlags: 0
  m_Script: {fileID: 11500000, guid: 71bea4c010b684720a24c8646da392e3, type: 3}
  m_Name: 
  m_EditorClassIdentifier: 
  minScale: 1
  maxScale: 1
  gameObjects:
  - {fileID: 6217586038174311728}
--- !u!1 &7957070396231848200
GameObject:
  m_ObjectHideFlags: 0
  m_CorrespondingSourceObject: {fileID: 0}
  m_PrefabInstance: {fileID: 0}
  m_PrefabAsset: {fileID: 0}
  serializedVersion: 6
  m_Component:
  - component: {fileID: 6181258004191333596}
  - component: {fileID: 3728246858158741229}
  - component: {fileID: 4301964037796046201}
  - component: {fileID: 4401528031838835933}
  m_Layer: 0
  m_Name: Rock_Stalagtite_01 (1)
  m_TagString: Untagged
  m_Icon: {fileID: 0}
  m_NavMeshLayer: 0
  m_StaticEditorFlags: 4294967295
  m_IsActive: 1
--- !u!4 &6181258004191333596
Transform:
  m_ObjectHideFlags: 0
  m_CorrespondingSourceObject: {fileID: 0}
  m_PrefabInstance: {fileID: 0}
  m_PrefabAsset: {fileID: 0}
  m_GameObject: {fileID: 7957070396231848200}
  m_LocalRotation: {x: -0, y: -0.8225583, z: -0, w: 0.5686809}
  m_LocalPosition: {x: -0.71, y: 0.53, z: -0.12}
  m_LocalScale: {x: 0.75876987, y: 0.75877, z: 0.75876987}
  m_Children: []
  m_Father: {fileID: 7324712430417859305}
  m_RootOrder: 1
  m_LocalEulerAnglesHint: {x: 0, y: -110.68301, z: 0}
--- !u!33 &3728246858158741229
MeshFilter:
  m_ObjectHideFlags: 0
  m_CorrespondingSourceObject: {fileID: 0}
  m_PrefabInstance: {fileID: 0}
  m_PrefabAsset: {fileID: 0}
  m_GameObject: {fileID: 7957070396231848200}
  m_Mesh: {fileID: -6772139994335703833, guid: ab380d73fcc12aa4a9b3b2a4083bd8cd, type: 3}
--- !u!23 &4301964037796046201
MeshRenderer:
  m_ObjectHideFlags: 0
  m_CorrespondingSourceObject: {fileID: 0}
  m_PrefabInstance: {fileID: 0}
  m_PrefabAsset: {fileID: 0}
  m_GameObject: {fileID: 7957070396231848200}
  m_Enabled: 1
  m_CastShadows: 1
  m_ReceiveShadows: 1
  m_DynamicOccludee: 1
  m_MotionVectors: 1
  m_LightProbeUsage: 1
  m_ReflectionProbeUsage: 1
  m_RenderingLayerMask: 1
  m_RendererPriority: 0
  m_Materials:
  - {fileID: 2100000, guid: e08278969dadf2043881d451ed11045e, type: 2}
  m_StaticBatchInfo:
    firstSubMesh: 0
    subMeshCount: 0
  m_StaticBatchRoot: {fileID: 0}
  m_ProbeAnchor: {fileID: 0}
  m_LightProbeVolumeOverride: {fileID: 0}
  m_ScaleInLightmap: 1
  m_PreserveUVs: 0
  m_IgnoreNormalsForChartDetection: 0
  m_ImportantGI: 0
  m_StitchLightmapSeams: 1
  m_SelectedEditorRenderState: 3
  m_MinimumChartSize: 4
  m_AutoUVMaxDistance: 0.5
  m_AutoUVMaxAngle: 89
  m_LightmapParameters: {fileID: 0}
  m_SortingLayerID: 0
  m_SortingLayer: 0
  m_SortingOrder: 0
--- !u!114 &4401528031838835933
MonoBehaviour:
  m_ObjectHideFlags: 0
  m_CorrespondingSourceObject: {fileID: 0}
  m_PrefabInstance: {fileID: 0}
  m_PrefabAsset: {fileID: 0}
  m_GameObject: {fileID: 7957070396231848200}
  m_Enabled: 1
  m_EditorHideFlags: 0
  m_Script: {fileID: 11500000, guid: 71bea4c010b684720a24c8646da392e3, type: 3}
  m_Name: 
  m_EditorClassIdentifier: 
  minScale: 1
  maxScale: 1
  gameObjects:
  - {fileID: 7957070396231848200}
